2422 3856
151 130 195 194 94
563 131 761 188 CONCLUSIO

150 275 350 342 uiderentur.1
386 283 427 341 Et
446 302 516 342 sane
535 285 670 359 exempla
688 304 723 342 ex
741 285 867 345 historia
885 286 1020 347 Romana
1036 288 1171 363 repetita

152 369 302 431 Ciceronis
329 375 406 432 sunt.
457 372 581 431 Librum
608 392 678 432 vero
706 374 843 433 Panaetii
869 372 936 450 περὶ
967 374 1166 451 καθήκοντος,

150 479 238 536 quem
261 463 294 519 in
317 461 527 537 componendis
545 461 630 521 libris
654 462 689 522 de
713 462 818 524 officiis
838 466 907 523 ante
926 465 1026 523 oculos
1048 465 1168 541 habuit,

147 552 182 608 at
209 550 337 609 fortasse
364 549 430 630 περὶ
453 550 599 621 πολιτείας
627 549 798 611 (iiceronem
820 553 853 610 in
877 553 1086 612 conscribendo
1109 555 1167 615 boo

149 637 184 697 de
225 639 389 699 virtutibus
434 642 648 700 commentario
689 641 857 701 adhibuisse
902 642 975 700 mihi
1020 646 1165 719 persuasi.

151 726 209 786 Sed
236 731 418 806 argumentis
447 730 549 788 allatis
576 729 774 790 demonstrari
796 732 852 790 hoo
875 749 935 789 non
957 735 1071 810 potest,
1099 752 1167 796 cum

148 816 287 876 Panaetii
309 815 375 896 περὶ
393 817 539 889 πολιτείας
562 818 634 877 libri
651 821 701 878 rix
720 823 836 879 exstent
853 812 1025 896 reliquiae.²
1058 822 1167 898 Neque

149 905 374 965 diiudicandum
402 909 461 982 est,
488 910 590 966 utrum
617 907 731 967 duobus
759 909 897 968 Panaetii
926 908 1010 968 libris
1038 929 1077 968 an
1103 930 1167 973 uno

149 994 212 1055 solo
235 1013 306 1055 usus
330 998 378 1055 sit
425 995 484 1055 Sed
507 999 533 1056 si
555 997 645 1071 hano,
673 1016 765 1073 quam
787 998 875 1057 modo
898 999 1025 1074 protuli,
1048 1003 1165 1058 senten-

147 1085 223 1142 tiam
236 1087 268 1143 in
286 1087 457 1144 universum
476 1088 683 1162 acceperimus,
701 1087 919 1166 intellegemus,
937 1106 989 1146 our
1002 1090 1165 1148 nonnullae

113 1149 126 1176 ⁶
147 1173 234 1233 huius
260 1172 445 1234 Giceroniani
471 1175 543 1233 libri
564 1179 665 1251 partes
689 1193 756 1235 cum
779 1176 924 1235 librorum
946 1176 975 1233 V
995 1179 1024 1235 et
1042 1177 1087 1236 VI
1111 1181 1166 1253 qui

148 1266 218 1322 sunt
236 1263 272 1321 de
290 1264 461 1340 republica
480 1268 570 1339 atque
589 1264 733 1324 librorum
752 1265 788 1324 de
803 1265 909 1325 officiis
929 1268 1165 1342 conscriptorum

147 1352 301 1412 sententiis
325 1356 498 1431 congruant
1161 1414 1163 1418 Α

236 1442 324 1501 Nunc
347 1441 465 1517 quando
484 1442 560 1501 liber
579 1445 759 1518 compositus
779 1445 827 1515 sit,
850 1447 1032 1519 quaerimus
1076 1443 1162 1504 Gum-

147 1549 205 1605 que
228 1530 300 1588 belli
322 1532 403 1590 inter
422 1530 578 1591 Gaesarem
601 1535 632 1591 et
650 1532 774 1609 Pompei
797 1534 856 1592 orti
874 1534 986 1592 mentio
1009 1532 1071 1608 fiat,
1094 1537 1165 1610 post

147 1638 258 1678 aunum
285 1638 311 1681 a.
337 1619 402 1679 Chr.
426 1640 454 1679 n.
480 1623 521 1681 49
550 1623 734 1698 conscriptus
766 1625 819 1680 est.
870 1622 1029 1682 Praeterea
1062 1626 1163 1682 autem

146 1708 223 1767 liber
245 1727 304 1767 non
327 1714 575 1769 commemoratur
601 1713 634 1768 in
661 1703 764 1770 ordine
792 1730 896 1770 eorum
919 1731 1055 1787 operum,
1085 1731 1162 1787 quae

147 1795 248 1857 Cicero
277 1802 346 1858 ante
374 1797 483 1857 librum
513 1799 549 1858 de
577 1799 761 1859 divinatione
788 1801 916 1859 alterum
944 1819 974 1859 se
1002 1801 1163 1862 confecisse

146 1886 219 1946 dicit
241 1879 292 1968 (de
315 1887 374 1946 div.
397 1888 430 1946 H
450 1893 465 1947 1
488 1883 577 1965 sqq.)‚
606 1908 694 1963 quem
716 1889 826 1948 librum
850 1908 875 1949 a.
897 1891 939 1948 44
963 1892 1162 1966 compositum

146 1994 208 2035 esse
232 1969 372 2036 constat.⁸
421 1977 506 2037 Unde
531 1978 789 2052 commentarium,
818 1979 870 2054 qui
893 1982 959 2038 erat
981 1979 1017 2038 de
1040 1981 1161 2038 virtuti-

145 2064 215 2140 bus,
241 2084 300 2124 non
328 2067 412 2141 prius
441 2085 532 2142 quam
563 2066 674 2126 librum
706 2067 866 2127 secuudum
898 2068 935 2127 de
967 2069 1162 2143 divinatione,

145 2153 172 2212 h.
193 2175 217 2214 e.
237 2173 314 2214 anno
334 2158 376 2213 44
400 2158 524 2214 exeunte
547 2159 601 2214 aut
623 2173 701 2214 auno
727 2157 778 2230 43,
802 2176 860 2231 quo
884 2157 1002 2216 Tullius
1024 2160 1161 2218 mortuus

144 2245 198 2317 est,
221 2244 420 2320 conscriptum
444 2262 506 2303 esse
529 2245 691 2304 verisimile
715 2237 786 2304 est.4

236 2399 261 2465 1)
281 2395 313 2450 V.
335 2396 370 2450 de
389 2394 434 2450 off.
449 2396 462 2449 I
476 2402 505 2450 δε
534 2397 683 2466 Sequemur
700 2400 788 2468 ipatus
805 2399 853 2452 boc
871 2399 979 2467 quidem
1002 2405 1118 2468 teurpore
1136 2407 1161 2454 et

143 2469 195 2522 bac
218 2469 249 2522 iu
272 2470 428 2536 quaestione
447 2469 621 2537 potissimum
643 2469 748 2525 Stoicos
774 2485 831 2523 uou
853 2476 886 2524 ut
907 2472 1077 2539 interpretes,
1103 2472 1160 2538 sed,

143 2545 176 2593 ut
193 2540 316 2606 soleruue,
334 2557 348 2594 e
365 2540 489 2624 foute‘bue
502 2556 594 2595 eorum
606 2541 712 2624 ¹iudicio
726 2541 893 2610 arbitrioque
906 2548 1007 2607 uosuo,
1025 2549 1161 2625 querutum

143 2611 710 2752 totustttttbgtttud.
725 2611 1161 2754 alllldffti'rllnaelltl

144 2753 198 2805 div.
222 2752 248 2806 Π
267 2759 349 2820 6sq.;
379 2753 508 2807 Sohanz
538 2755 630 2810 Geeob.
659 2756 685 2808 d.
713 2771 793 2808 roem.
821 2755 964 2809 Literatur
990 2754 1017 2807 1²
1046 2774 1072 2824 p.
1097 2761 1158 2810 326.

144 2826 171 2894 4)
194 2823 236 2877 De
256 2822 301 2878 off.
321 2824 390 2877 1114
409 2827 490 2879 extr:
515 2827 614 2894 Itaque
632 2828 720 2895 plura
743 2826 816 2880 breui
834 2832 949 2895 tempore
968 2843 1058 2881 euersa
1076 2844 1160 2895 quum

143 2897 237 2950 multoe
255 2897 340 2950 cuuto
361 2903 451 2950 stoute
473 2914 502 2951 re
520 2899 637 2965 publicu
659 2898 825 2965 smpsimus.
849 2928 884 2936 —
907 2898 952 2950 Ad
971 2897 1024 2951 hoc
1046 2899 1159 2967 tempus

143 2966 249 3035 optime
272 2967 405 3035 quadrat,
424 2968 499 3035 quod
523 2967 554 3032 Q.
578 2967 682 3023 Fabius
704 2967 844 3022 Maximus
867 2970 993 3024 mortuus
1017 2973 1159 3024 estate

144 3037 312 3107 (Muenzer
334 3038 449 3093 Hermes
468 3038 514 3091 XL
540 3044 609 3093 1905
635 3058 661 3110 p.
683 3041 737 3162 9ῠῦ
773 3038 871 3107 ltaque
890 3039 985 3095 Cicero
1003 3057 1060 3094 non
1083 3056 1161 3095 vere·

143 3110 239 3176 batur,
262 3125 298 3163 ne
322 3125 386 3163 eum
409 3113 679 3165 commemoratore
704 3111 715 3164 i
738 3128 755 3163 a
774 3110 835 3180 (ἧς.
848 3114 891 3179 14)
916 3109 1077 3166 offenderet.
1116 3112 1159 3166 En

143 3180 262 3235 fortasse
281 3180 382 3249 habes,
401 3199 450 3236 cur
467 3183 498 3235 in
516 3181 633 3251 reliquis
649 3180 789 3236 Ciceronis
809 3182 921 3251 seriptis
940 3182 1023 3236 huius
1041 3182 1083 3237 rei
1102 3200 1159 3237 uon

143 3251 193 3305 fiat
206 3252 320 3306 mentio.
354 3252 448 3307 Etiam
463 3254 539 3322 quod
552 3254 667 3323 tyrsum
681 3253 744 3323 (fug.
757 3255 800 3322 1⁷)
814 3254 1019 3323 vituperantur,
1037 3255 1067 3307 in
1081 3255 1158 3309 idem

143 3327 254 3393 tempus
274 3325 415 3391 convenit,
440 3343 503 3379 cum
522 3323 617 3379 Cicero
637 3323 756 3380 Caesare
775 3327 885 3379 mortuo
903 3342 960 3379 non
978 3326 1103 3392 timeret,
1122 3343 1158 3382 ne

143 3395 208 3449 huic
227 3396 364 3450 eiusmodi
382 3397 473 3452 verbis
492 3396 661 3466 displiceret.
