2422 3856
273 143 296 192 5.
317 137 366 192 DE
386 136 565 192 CICERONE
584 135 738 191 ANTONII
754 135 924 192 AUCTORE
1070 137 1110 200 67

96 286 247 348 Antonius
270 307 340 349 usus
365 292 417 348 est.
464 287 519 347 Oui
542 288 749 365 respondeam:
778 288 857 347 unde
880 289 941 363 ille,
965 289 1016 364 qui
1039 288 1113 348 haec

96 377 304 453 compilavisse
328 378 450 451 dicitur,
476 378 583 436 habuit
606 379 740 454 exempla
768 397 803 436 ex
829 377 956 438 historia
978 378 1113 437 Romana

96 465 276 542 desumpta?
320 467 399 526 Nam
422 468 587 542 complures
612 486 714 526 earum
736 486 848 540 rerum,
876 485 952 542 quae
980 469 1053 527 viris
1079 469 1112 526 in

96 575 129 614 re
155 556 277 631 publica
304 556 440 615 Romana
466 556 640 615 florentibus
673 557 815 616 accidisse
845 555 924 632 apud
946 556 1113 616 Antonium

96 647 258 704 narrantur
294 664 389 720 neque
412 644 498 703 fictae
536 639 632 719 suntl,
668 663 816 720 nusquam
852 644 926 704 alibi
961 665 1057 720 neque
1095 665 1113 704 a

97 731 238 801 Cicerone
261 753 357 809 neque
380 753 398 792 a
420 734 545 809 reliquis
568 737 703 793 veterum
727 734 896 794 auctoribus
918 736 963 793 116
986 754 1111 794 comme-

94 825 265 897 morantum
288 823 390 882 videas
415 841 491 898 quae
515 841 605 898 supra
629 824 664 883 de
686 823 807 883 Valerio
830 823 962 883 Laevino
986 815 1029 905 (p.
1045 818 1112 904 47),

95 911 133 970 de
153 911 274 971 Metello
299 913 330 971 et
348 912 441 971 Fabio
465 903 508 993 (p.
525 903 582 992 49)
606 915 835 988 exposuerimus.
872 912 942 972 Nisi
959 913 1036 971 forte
1054 914 1112 971 iste

94 1001 273 1076 compilator
287 1003 448 1060 remotiora
466 1001 609 1060 historiae
627 1001 779 1060 Romanae
798 1002 880 1060 iacta
898 1002 1022 1060 addidit.
1054 1001 1112 1060 Sed
1167 1043 1175 1059 .

95 1091 257 1148 verisimile
280 1109 340 1148 non
364 1092 409 1148 est
432 1091 657 1165 compilatorem
677 1089 824 1166 quendam
843 1091 992 1150 exstitisse
1010 1109 1112 1151 recon-

94 1178 204 1239 ditiora
227 1178 363 1238 doctrina
384 1181 540 1256 insignem.

185 1267 275 1328 Dicat
306 1269 383 1326 alius
412 1270 491 1343 quis:
537 1267 595 1326 Sed
612 1270 770 1343 'quoniam
801 1268 850 1328 hic
882 1271 1111 1329 commentarius

95 1375 238 1434 magnam
261 1360 378 1433 partem
402 1357 529 1432 quadrat
553 1358 591 1416 ad
608 1357 700 1416 libros
720 1359 856 1432 quintum
881 1359 912 1416 et
935 1360 1052 1416 sextum
1074 1358 1111 1417 de

94 1465 127 1505 16
153 1446 275 1520 publica
302 1444 452 1506 Ciceronis
485 1449 515 1505 61
547 1466 614 1506 cum
645 1465 748 1505 eorum
779 1446 923 1506 libromm
955 1448 1111 1506 sententiis

94 1527 256 1607 convenit²‚
278 1537 415 1611 potuitne
433 1535 500 1593 fieri
517 1538 552 1594 ut
569 1527 738 1595 Antonius³
755 1536 868 1614 legeret
891 1538 922 1595 et
944 1538 1112 1612 excerperet

95 1626 215 1683 mutata
237 1625 431 1699 inscriptione
449 1626 581 1703 integros
599 1625 668 1684 illos
686 1624 787 1698 libros,
811 1627 864 1700 qui
881 1643 960 1683 nunc
978 1625 1111 1700 parvulis

93 1712 231 1789 partibus
264 1715 392 1790 exceptis
425 1713 572 1789 deperditi
604 1711 693 1772 sunt?
739 1712 823 1782 Quod
850 1733 888 1773 ne
916 1714 1110 1774 concedamus

95 1802 208 1876 obstat,
242 1803 320 1877 quod
348 1803 428 1878 apud
451 1804 616 1863 Antonium
641 1803 749 1877 6614
774 1794 840 1883 (24,
857 1795 964 1878 138)4
987 1802 1110 1879 Pompei

93 1891 168 1968 fuge
191 1894 338 1950 narratur.
378 1891 420 1950 Et
442 1893 583 1966 quoniam
605 1891 765 1967 Pompeius
789 1911 866 1951 anno
891 1912 916 1952 a.
933 1891 999 1950 chr.
1023 1913 1051 1950 n.
1067 1895 1108 1951 49

93 1980 191 2039 Roma
214 1980 356 2054 discessit,
379 1982 424 2039 rei
445 1980 584 2056 publicae
602 1983 702 2040 autem
720 1980 812 2041 libros
830 1983 891 2038 iam
910 1984 980 2040 ante
999 2001 1110 2040 annum

95 2069 135 2128 51
161 2069 257 2128 editos
286 2088 347 2130 esse
378 2061 521 2147 constat⁵‚
549 2069 614 2129 fieri
643 2089 703 2128 non
731 2072 844 2145 potuit,
873 2073 909 2128 ut
936 2069 1010 2128 belli
1031 2073 1111 2129 inter

95 2156 253 2218 Gaesarem
276 2161 306 2216 et
328 2158 503 2234 Pompeium
531 2161 589 2217 orti
615 2161 648 2217 in
674 2159 736 2218 illis
763 2159 847 2218 libris
874 2177 935 2217 non
961 2160 1023 2217 iam
1050 2179 1110 2219 ser·

94 2249 174 2306 vatis
193 2249 305 2306 mentio
323 2247 415 2306 fieret.
452 2247 554 2306 Etiam
572 2247 694 2307 difficile
712 2249 758 2306 est
774 2247 938 2321 intellectu,
961 2248 1109 2324 quomodo

93 2336 169 2395 illud
197 2338 374 2411 anecdoton,
403 2336 482 2412 quod
504 2336 654 2396 Antonius
674 2338 785 2412 38,16
811 2328 844 2417 (7
861 2337 928 2395 adn.
945 2340 961 2395 1
979 2329 1015 2418 S)
1042 2357 1110 2413 pro-

93 2425 154 2485 fert
173 2444 208 2483 ex
226 2427 385 2499 chappiltrc
403 2426 438 2484 de
456 2428 628 2494 6661166666,
645 2426 802 2484 inductum
820 2426 919 2485 tuerit.
964 2426 1044 2485 Nam
1066 2427 1110 2486 ibi

95 2513 131 2574 de
155 2515 341 2574 continentia
363 2517 394 2572 in
418 2517 597 2588 universum,
620 2533 679 2575 non
703 2515 739 2574 de
761 2517 883 2575 rectoris
906 2517 949 2574 rei
972 2516 1110 2590 publicae

93 2604 280 2662 continentia
316 2604 496 2679 disputetur.
552 2602 604 2662 Sin
646 2607 746 2662 autem
785 2604 838 2662 ille
873 2603 1000 2662 Antonii
1034 2605 1111 2664 liber

93 2693 202 2752 fuisset
233 2695 355 2769 quintus
387 2693 436 2752 161
467 2694 566 2752 sextus
598 2693 642 2751 rei
673 2692 809 2768 publicae
841 2693 928 2768 liber,
965 2695 1109 2770 principis

93 2783 187 2842 solius
219 2783 449 2856 temperantiam
480 2781 524 2839 ibi
555 2783 717 2840 1166161616
746 2783 838 2842 fm'sse
867 2783 1028 2842 verisimile
1055 2786 1109 2857 est,

93 2889 190 2947 neque
216 2872 262 2929 116
288 2871 377 2930 facile
405 2871 444 2929 ad
470 2869 681 2930 illustrandam
704 2872 847 2947 principis
874 2871 1109 2931 moderationem

92 2963 204 3020 ceurila
240 2960 384 3034 quaedam
416 2959 515 3018 afferri
546 2961 654 3035 potuit.
704 2960 785 3037 Ergo
819 2958 968 3020 Ciceronis
1005 2960 1040 3020 de
1076 2981 1108 3020 re

92 3049 215 3124 publica
236 3048 321 3108 libris
345 3051 449 3123 quinto
473 3052 503 3108 et
526 3051 609 3128 sexto
631 3048 780 3109 Antonius
803 3068 875 3108 usus
898 3068 959 3108 non
982 3051 1034 3109 est.

184 3219 210 3286 1)
239 3217 320 3282 Quod
347 3235 431 3287 supra
458 3236 485 3287 p.
501 3223 534 3272 46
546 3235 605 3286 sqq.
639 3218 871 3272 demonstravisse
902 3218 973 3272 mihi
1003 3219 1107 3273 videor.

92 3291 120 3360 2)
140 3287 212 3350 Vide
231 3307 258 3358 p.
273 3294 307 3342 58
318 3307 377 3357 sqq.
469 3291 495 3358 3)
513 3289 572 3342 Aut
594 3289 652 3342 iam
671 3289 730 3344 eius
750 3291 855 3344 auctor.
893 3289 947 3344 Sed
970 3292 1033 3343 uter
1054 3290 1109 3344 hoc

92 3359 205 3428 fecerit,
229 3360 266 3413 ad
284 3359 356 3413 hanc
376 3360 570 3428 quaestionem
588 3377 644 3413 non
662 3361 793 3429 pertinet.
884 3364 911 3431 4)
930 3361 1011 3415 Adde
1035 3378 1108 3429 quae

92 3431 215 3485 diximus
233 3437 314 3501 pol.
388 3433 414 3501 ὅ)
434 3430 489 3485 Cic.
505 3431 539 3485 de
558 3431 649 3486 dinss
664 3438 688 3498 3,
708 3431 866 3486 61111171
881 3439 905 3499 1,
925 3438 949 3486 8.
987 3432 1108 3487 Teuffel-

92 3501 228 3558 Schwebe
244 3503 337 3558 ceseii.
352 3504 377 3557 d.
392 3520 472 3558 roem.
486 3504 544 3558 Lot.
558 3501 585 3556 1⁶
604 3509 618 3570 ς
634 3508 735 3571 1841.

933 3589 971 3640 δὴ
