<?xml version="1.0" encoding="UTF-8"?>
<!DOCTYPE html PUBLIC "-//W3C//DTD XHTML 1.0 Transitional//EN"
    "http://www.w3.org/TR/xhtml1/DTD/xhtml1-transitional.dtd">
<html xmlns="http://www.w3.org/1999/xhtml" xml:lang="en" lang="en">
 <head>
  <title>
</title>
<meta http-equiv="Content-Type" content="text/html;charset=utf-8" />
  <meta name='ocr-system' content='tesseract 3.04.00' />
  <meta name='ocr-capabilities' content='ocr_page ocr_carea ocr_par ocr_line ocrx_word'/>
</head>
<body>
  <div class='ocr_page' id='page_1' title='image "./devirtutibuslib01salegoog_0056.png"; bbox 0 0 2422 3856; ppageno 0'>
   <div class='ocr_carea' id='block_1_1' title="bbox 314 103 1082 216">
    <p class='ocr_par' dir='ltr' id='par_1_1' title="bbox 314 103 1082 216">
     <span class='ocr_line' id='line_1_1' title="bbox 314 103 1082 216; baseline 0.016 -12"><span class='ocrx_word' id='word_1_1' title='bbox 314 155 339 205; x_wconf 81' lang='lat'><strong>3.</strong></span> <span class='ocrx_word' id='word_1_2' title='bbox 362 150 411 204; x_wconf 80' lang='lat' dir='ltr'><strong>DE</strong></span> <span class='ocrx_word' id='word_1_3' title='bbox 428 150 637 206; x_wconf 74' lang='lat' dir='ltr'><strong>NOMINIBUS</strong></span> <span class='ocrx_word' id='word_1_4' title='bbox 651 149 831 205; x_wconf 85' lang='lat' dir='ltr'><strong>LAUDATIS</strong></span> <span class='ocrx_word' id='word_1_5' title='bbox 913 103 920 128; x_wconf 51' lang='grc' dir='ltr'>Ι</span> <span class='ocrx_word' id='word_1_6' title='bbox 1037 151 1082 216; x_wconf 79' lang='grc'><strong>45</strong></span> 
     </span>
    </p>
   </div>
   <div class='ocr_carea' id='block_1_2' title="bbox 65 514 1007 728">
    <p class='ocr_par' dir='ltr' id='par_1_2' title="bbox 65 514 1007 728">
     <span class='ocr_line' id='line_1_2' title="bbox 65 514 1007 624; baseline 0.003 -24"><span class='ocrx_word' id='word_1_7' title='bbox 65 522 97 616; x_wconf 74' lang='grc' dir='ltr'><strong> </strong></span> <span class='ocrx_word' id='word_1_8' title='bbox 195 535 248 600; x_wconf 92' lang='lat' dir='ltr'><strong>De</strong></span> <span class='ocrx_word' id='word_1_9' title='bbox 275 541 446 619; x_wconf 83' lang='lat' dir='ltr'><strong>¹veterum</strong></span> <span class='ocrx_word' id='word_1_10' title='bbox 473 537 693 602; x_wconf 89' lang='lat' dir='ltr'><strong>nominibus</strong></span> <span class='ocrx_word' id='word_1_11' title='bbox 721 541 768 603; x_wconf 82' lang='lat' dir='ltr'><strong>et&#39;</strong></span> <span class='ocrx_word' id='word_1_12' title='bbox 786 514 940 624; x_wconf 90' lang='lat' dir='ltr'><strong>legibus</strong></span> <span class='ocrx_word' id='word_1_13' title='bbox 1005 622 1007 624; x_wconf 10' lang='lat' dir='ltr'><strong>q</strong></span> 
     </span>
     <span class='ocr_line' id='line_1_3' title="bbox 280 641 843 728; baseline 0.004 -21"><span class='ocrx_word' id='word_1_14' title='bbox 280 643 399 728; x_wconf 86' lang='lat' dir='ltr'><strong>-apud</strong></span> <span class='ocrx_word' id='word_1_15' title='bbox 425 641 637 709; x_wconf 88' lang='lat' dir='ltr'><strong>Antonium</strong></span> <span class='ocrx_word' id='word_1_16' title='bbox 664 644 843 710; x_wconf 88' lang='lat' dir='ltr'><strong>laudatis.</strong></span> 
     </span>
    </p>
   </div>
   <div class='ocr_carea' id='block_1_3' title="bbox 10 772 1080 3256">
    <p class='ocr_par' dir='ltr' id='par_1_3' title="bbox 10 772 1080 3256">
     <span class='ocr_line' id='line_1_4' title="bbox 65 772 1078 850; baseline 0.001 -19"><span class='ocrx_word' id='word_1_17' title='bbox 65 776 67 781; x_wconf 86' lang='lat'>&#39;</span> <span class='ocrx_word' id='word_1_18' title='bbox 139 772 236 839; x_wconf 80' lang='lat' dir='ltr'><strong>¹Nunc</strong></span> <span class='ocrx_word' id='word_1_19' title='bbox 268 772 304 832; x_wconf 95' lang='lat' dir='ltr'><strong>de</strong></span> <span class='ocrx_word' id='word_1_20' title='bbox 336 773 506 833; x_wconf 83' lang='lat' dir='ltr'><strong>nominibus</strong></span> <span class='ocrx_word' id='word_1_21' title='bbox 538 793 616 850; x_wconf 92' lang='lat' dir='ltr'><strong>quae</strong></span> <span class='ocrx_word' id='word_1_22' title='bbox 644 773 794 833; x_wconf 84' lang='lat' dir='ltr'><strong>Antonius</strong></span> <span class='ocrx_word' id='word_1_23' title='bbox 826 775 859 832; x_wconf 91' lang='lat' dir='ltr'><strong>in</strong></span> <span class='ocrx_word' id='word_1_24' title='bbox 890 775 950 833; x_wconf 89' lang='lat' dir='ltr'><strong>ista</strong></span> <span class='ocrx_word' id='word_1_25' title='bbox 982 773 1078 833; x_wconf 83' lang='lat' dir='ltr'>libelli</span> 
     </span>
     <span class='ocr_line' id='line_1_5' title="bbox 55 863 1080 939; baseline 0.002 -19"><span class='ocrx_word' id='word_1_26' title='bbox 55 865 159 938; x_wconf 89' lang='lat' dir='ltr'><strong>parte,</strong></span> <span class='ocrx_word' id='word_1_27' title='bbox 192 879 282 938; x_wconf 89' lang='lat' dir='ltr'><strong>quam</strong></span> <span class='ocrx_word' id='word_1_28' title='bbox 309 881 341 923; x_wconf 92' lang='lat' dir='ltr'><strong>se</strong></span> <span class='ocrx_word' id='word_1_29' title='bbox 368 882 403 922; x_wconf 84' lang='lat' dir='ltr'><strong>ex</strong></span> <span class='ocrx_word' id='word_1_30' title='bbox 433 863 521 922; x_wconf 92' lang='lat' dir='ltr'><strong>Tullo</strong></span> <span class='ocrx_word' id='word_1_31' title='bbox 552 864 740 939; x_wconf 78' lang='lat' dir='ltr'><strong>exscripsisse</strong></span> <span class='ocrx_word' id='word_1_32' title='bbox 773 863 939 939; x_wconf 77' lang='lat' dir='ltr'>contendit,</span> <span class='ocrx_word' id='word_1_33' title='bbox 972 864 1080 922; x_wconf 89' lang='lat' dir='ltr'><strong>laudat</strong></span> 
     </span>
     <span class='ocr_line' id='line_1_6' title="bbox 56 948 1079 1030; baseline 0.003 -21"><span class='ocrx_word' id='word_1_34' title='bbox 56 951 204 1011; x_wconf 90' lang='lat' dir='ltr'><strong>nonnulla</strong></span> <span class='ocrx_word' id='word_1_35' title='bbox 227 955 298 1012; x_wconf 91' lang='lat' dir='ltr'><strong>sunt</strong></span> <span class='ocrx_word' id='word_1_36' title='bbox 320 948 451 1012; x_wconf 87' lang='lat' dir='ltr'><strong>dicende.</strong></span> <span class='ocrx_word' id='word_1_37' title='bbox 498 952 598 1029; x_wconf 89' lang='lat' dir='ltr'><strong>Atque</strong></span> <span class='ocrx_word' id='word_1_38' title='bbox 621 951 751 1028; x_wconf 90' lang='lat' dir='ltr'><strong>primum</strong></span> <span class='ocrx_word' id='word_1_39' title='bbox 773 953 901 1030; x_wconf 86' lang='lat' dir='ltr'><strong>legimus</strong></span> <span class='ocrx_word' id='word_1_40' title='bbox 925 952 956 1010; x_wconf 91' lang='lat' dir='ltr'><strong>in</strong></span> <span class='ocrx_word' id='word_1_41' title='bbox 980 955 1079 1028; x_wconf 92' lang='lat' dir='ltr'><strong>capite</strong></span> 
     </span>
     <span class='ocr_line' id='line_1_7' title="bbox 57 1033 1079 1124; baseline 0.002 -25"><span class='ocrx_word' id='word_1_42' title='bbox 57 1039 140 1117; x_wconf 90' lang='lat' dir='ltr'><strong>quod</strong></span> <span class='ocrx_word' id='word_1_43' title='bbox 163 1042 209 1100; x_wconf 89' lang='lat' dir='ltr'><strong>est</strong></span> <span class='ocrx_word' id='word_1_44' title='bbox 232 1042 267 1100; x_wconf 93' lang='lat' dir='ltr'><strong>de</strong></span> <span class='ocrx_word' id='word_1_45' title='bbox 294 1059 368 1118; x_wconf 88' lang='lat' dir='ltr'><strong>pace</strong></span> <span class='ocrx_word' id='word_1_46' title='bbox 394 1044 444 1116; x_wconf 79' lang='lat'><strong>12,</strong></span> <span class='ocrx_word' id='word_1_47' title='bbox 460 1044 478 1100; x_wconf 81' lang='lat'><strong>2</strong></span> <span class='ocrx_word' id='word_1_48' title='bbox 494 1060 559 1118; x_wconf 91' lang='lat' dir='ltr'><strong>sqq.</strong></span> <span class='ocrx_word' id='word_1_49' title='bbox 574 1033 650 1124; x_wconf 66' lang='lat'><strong>(18,</strong></span> <span class='ocrx_word' id='word_1_50' title='bbox 671 1044 710 1100; x_wconf 80' lang='lat'><strong>21</strong></span> <span class='ocrx_word' id='word_1_51' title='bbox 732 1060 795 1117; x_wconf 89' lang='lat' dir='ltr'><strong>sqq.</strong></span> <span class='ocrx_word' id='word_1_52' title='bbox 816 1035 851 1124; x_wconf 83' lang='lat' dir='ltr'><strong>S)</strong></span> <span class='ocrx_word' id='word_1_53' title='bbox 881 1043 1079 1118; x_wconf 90' lang='lat' dir='ltr'><strong>complurium</strong></span> 
     </span>
     <span class='ocr_line' id='line_1_8' title="bbox 56 1129 1079 1207; baseline 0.002 -19"><span class='ocrx_word' id='word_1_54' title='bbox 56 1130 180 1188; x_wconf 90' lang='lat' dir='ltr'><strong>urbium</strong></span> <span class='ocrx_word' id='word_1_55' title='bbox 201 1130 342 1190; x_wconf 67' lang='lat' dir='ltr'><strong>nomina.</strong></span> <span class='ocrx_word' id='word_1_56' title='bbox 378 1129 436 1189; x_wconf 82' lang='lat' dir='ltr'><strong>sed</strong></span> <span class='ocrx_word' id='word_1_57' title='bbox 459 1131 635 1207; x_wconf 81' lang='lat' dir='ltr'><strong>priusquam</strong></span> <span class='ocrx_word' id='word_1_58' title='bbox 657 1130 693 1189; x_wconf 95' lang='lat' dir='ltr'><strong>de</strong></span> <span class='ocrx_word' id='word_1_59' title='bbox 716 1131 763 1190; x_wconf 90' lang='lat' dir='ltr'><strong>his</strong></span> <span class='ocrx_word' id='word_1_60' title='bbox 791 1129 984 1205; x_wconf 78' lang='lat' dir='ltr'><strong>disseramus,</strong></span> <span class='ocrx_word' id='word_1_61' title='bbox 1012 1151 1079 1190; x_wconf 91' lang='lat' dir='ltr'><strong>cum</strong></span> 
     </span>
     <span class='ocr_line' id='line_1_9' title="bbox 56 1218 1079 1296; baseline 0.003 -20"><span class='ocrx_word' id='word_1_62' title='bbox 56 1237 168 1277; x_wconf 89' lang='lat' dir='ltr'><strong>nomen</strong></span> <span class='ocrx_word' id='word_1_63' title='bbox 192 1218 282 1294; x_wconf 75' lang='lat' dir='ltr'><strong>Capto</strong></span> <span class='ocrx_word' id='word_1_64' title='bbox 309 1221 482 1294; x_wconf 89' lang='lat' dir='ltr'><strong>corruptum</strong></span> <span class='ocrx_word' id='word_1_65' title='bbox 509 1220 561 1296; x_wconf 90' lang='lat' dir='ltr'><strong>sit,</strong></span> <span class='ocrx_word' id='word_1_66' title='bbox 591 1222 776 1296; x_wconf 84' lang='lat' dir='ltr'><strong>quaerimus,</strong></span> <span class='ocrx_word' id='word_1_67' title='bbox 804 1239 934 1296; x_wconf 92' lang='lat' dir='ltr'><strong>quanam</strong></span> <span class='ocrx_word' id='word_1_68' title='bbox 961 1222 1079 1280; x_wconf 87' lang='lat' dir='ltr'><strong>ratione</strong></span> 
     </span>
     <span class='ocr_line' id='line_1_10' title="bbox 57 1307 1079 1387; baseline 0.003 -22"><span class='ocrx_word' id='word_1_69' title='bbox 57 1308 89 1366; x_wconf 93' lang='lat' dir='ltr'><strong>id</strong></span> <span class='ocrx_word' id='word_1_70' title='bbox 103 1309 301 1386; x_wconf 85' lang='lat' dir='ltr'><strong>corrigamus.</strong></span> <span class='ocrx_word' id='word_1_71' title='bbox 340 1307 414 1367; x_wconf 82' lang='lat' dir='ltr'><strong>Cum</strong></span> <span class='ocrx_word' id='word_1_72' title='bbox 435 1311 544 1387; x_wconf 87' lang='lat' dir='ltr'><strong>agatur</strong></span> <span class='ocrx_word' id='word_1_73' title='bbox 562 1309 612 1367; x_wconf 90' lang='lat' dir='ltr'><strong>hic</strong></span> <span class='ocrx_word' id='word_1_74' title='bbox 633 1310 668 1367; x_wconf 87' lang='lat' dir='ltr'><strong>dc</strong></span> <span class='ocrx_word' id='word_1_75' title='bbox 686 1309 810 1368; x_wconf 89' lang='lat' dir='ltr'><strong>urbibus</strong></span> <span class='ocrx_word' id='word_1_76' title='bbox 829 1328 907 1384; x_wconf 92' lang='lat' dir='ltr'><strong>quae</strong></span> <span class='ocrx_word' id='word_1_77' title='bbox 925 1309 1004 1368; x_wconf 91' lang='lat' dir='ltr'><strong>bello</strong></span> <span class='ocrx_word' id='word_1_78' title='bbox 1025 1312 1079 1368; x_wconf 89' lang='lat' dir='ltr'><strong>aut</strong></span> 
     </span>
     <span class='ocr_line' id='line_1_11' title="bbox 56 1395 1078 1474; baseline 0.003 -20"><span class='ocrx_word' id='word_1_79' title='bbox 56 1397 179 1456; x_wconf 90' lang='lat' dir='ltr'><strong>dirutae</strong></span> <span class='ocrx_word' id='word_1_80' title='bbox 202 1401 274 1456; x_wconf 89' lang='lat' dir='ltr'><strong>sunt</strong></span> <span class='ocrx_word' id='word_1_81' title='bbox 292 1400 347 1456; x_wconf 92' lang='lat' dir='ltr'><strong>aut</strong></span> <span class='ocrx_word' id='word_1_82' title='bbox 366 1398 482 1474; x_wconf 89' lang='lat' dir='ltr'><strong>aliquid</strong></span> <span class='ocrx_word' id='word_1_83' title='bbox 500 1395 573 1457; x_wconf 89' lang='lat' dir='ltr'><strong>mali</strong></span> <span class='ocrx_word' id='word_1_84' title='bbox 592 1401 778 1474; x_wconf 87' lang='lat' dir='ltr'><strong>acceperunt,</strong></span> <span class='ocrx_word' id='word_1_85' title='bbox 803 1401 833 1457; x_wconf 90' lang='lat' dir='ltr'><strong>et</strong></span> <span class='ocrx_word' id='word_1_86' title='bbox 852 1417 919 1457; x_wconf 92' lang='lat' dir='ltr'><strong>cum</strong></span> <span class='ocrx_word' id='word_1_87' title='bbox 937 1401 1078 1458; x_wconf 92' lang='lat' dir='ltr'><strong>continuo</strong></span> 
     </span>
     <span class='ocr_line' id='line_1_12' title="bbox 56 1486 1078 1563; baseline 0.003 -19"><span class='ocrx_word' id='word_1_88' title='bbox 56 1486 195 1545; x_wconf 84' lang='lat' dir='ltr'><strong>Athenae</strong></span> <span class='ocrx_word' id='word_1_89' title='bbox 223 1489 253 1545; x_wconf 87' lang='lat' dir='ltr'><strong>et</strong></span> <span class='ocrx_word' id='word_1_90' title='bbox 276 1486 408 1562; x_wconf 83' lang='lat' dir='ltr'><strong>Thebae,</strong></span> <span class='ocrx_word' id='word_1_91' title='bbox 435 1488 526 1563; x_wconf 92' lang='lat' dir='ltr'><strong>paulo</strong></span> <span class='ocrx_word' id='word_1_92' title='bbox 555 1490 656 1546; x_wconf 88' lang='lat' dir='ltr'><strong>autem</strong></span> <span class='ocrx_word' id='word_1_93' title='bbox 684 1490 753 1547; x_wconf 86' lang='lat' dir='ltr'><strong>ante</strong></span> <span class='ocrx_word' id='word_1_94' title='bbox 782 1487 872 1546; x_wconf 92' lang='lat' dir='ltr'><strong>Troia</strong></span> <span class='ocrx_word' id='word_1_95' title='bbox 903 1506 1078 1547; x_wconf 91' lang='lat' dir='ltr'><strong>commemo·</strong></span> 
     </span>
     <span class='ocr_line' id='line_1_13' title="bbox 55 1574 1078 1652; baseline 0.004 -20"><span class='ocrx_word' id='word_1_96' title='bbox 55 1578 177 1650; x_wconf 89' lang='lat' dir='ltr'><strong>rentur,</strong></span> <span class='ocrx_word' id='word_1_97' title='bbox 205 1576 375 1651; x_wconf 82' lang='lat' dir='ltr'><strong>proximum</strong></span> <span class='ocrx_word' id='word_1_98' title='bbox 403 1580 462 1651; x_wconf 91' lang='lat' dir='ltr'><strong>est,</strong></span> <span class='ocrx_word' id='word_1_99' title='bbox 493 1579 530 1635; x_wconf 91' lang='lat' dir='ltr'><strong>ut</strong></span> <span class='ocrx_word' id='word_1_100' title='bbox 558 1577 593 1634; x_wconf 91' lang='lat' dir='ltr'><strong>de</strong></span> <span class='ocrx_word' id='word_1_101' title='bbox 616 1577 716 1636; x_wconf 90' lang='lat' dir='ltr'><strong>nescio</strong></span> <span class='ocrx_word' id='word_1_102' title='bbox 745 1595 806 1652; x_wconf 91' lang='lat' dir='ltr'><strong>qua</strong></span> <span class='ocrx_word' id='word_1_103' title='bbox 833 1575 906 1635; x_wconf 91' lang='lat' dir='ltr'><strong>urbe</strong></span> <span class='ocrx_word' id='word_1_104' title='bbox 936 1574 1078 1636; x_wconf 79' lang='lat' dir='ltr'><strong>Graeciae</strong></span> 
     </span>
     <span class='ocr_line' id='line_1_14' title="bbox 56 1664 1078 1743; baseline 0.003 -21"><span class='ocrx_word' id='word_1_105' title='bbox 56 1664 221 1741; x_wconf 89' lang='lat' dir='ltr'><strong>aliquando</strong></span> <span class='ocrx_word' id='word_1_106' title='bbox 254 1664 352 1725; x_wconf 88' lang='lat' dir='ltr'><strong>deleta</strong></span> <span class='ocrx_word' id='word_1_107' title='bbox 380 1667 552 1743; x_wconf 79' lang='lat' dir='ltr'><strong>cogitemus.</strong></span> <span class='ocrx_word' id='word_1_108' title='bbox 599 1664 699 1741; x_wconf 88' lang='lat' dir='ltr'><strong>Atque</strong></span> <span class='ocrx_word' id='word_1_109' title='bbox 732 1665 782 1724; x_wconf 91' lang='lat' dir='ltr'><strong>hic</strong></span> <span class='ocrx_word' id='word_1_110' title='bbox 810 1665 964 1741; x_wconf 79' lang='lat' dir='ltr'><strong>aptissime</strong></span> <span class='ocrx_word' id='word_1_111' title='bbox 992 1666 1078 1725; x_wconf 86' lang='lat' dir='ltr'><strong>nobis</strong></span> 
     </span>
     <span class='ocr_line' id='line_1_15' title="bbox 10 1753 1079 1831; baseline -0.001 -17"><span class='ocrx_word' id='word_1_112' title='bbox 10 1797 13 1800; x_wconf 73' lang='lat'><em>,</em></span> <span class='ocrx_word' id='word_1_113' title='bbox 54 1772 89 1814; x_wconf 88' lang='lat' dir='ltr'><strong>se</strong></span> <span class='ocrx_word' id='word_1_114' title='bbox 113 1753 233 1813; x_wconf 76' lang='lat' dir='ltr'><strong>obviam</strong></span> <span class='ocrx_word' id='word_1_115' title='bbox 256 1755 308 1812; x_wconf 90' lang='lat' dir='ltr'><strong>det</strong></span> <span class='ocrx_word' id='word_1_116' title='bbox 329 1754 510 1823; x_wconf 74' lang='lat' dir='ltr'><strong>Corinthus.</strong></span> <span class='ocrx_word' id='word_1_117' title='bbox 538 1755 617 1812; x_wconf 89' lang='lat' dir='ltr'><strong>Nam</strong></span> <span class='ocrx_word' id='word_1_118' title='bbox 640 1755 696 1813; x_wconf 91' lang='lat' dir='ltr'><strong>illa</strong></span> <span class='ocrx_word' id='word_1_119' title='bbox 718 1754 788 1813; x_wconf 89' lang='lat' dir='ltr'><strong>urbs</strong></span> <span class='ocrx_word' id='word_1_120' title='bbox 813 1757 925 1831; x_wconf 91' lang='lat' dir='ltr'><strong>optime</strong></span> <span class='ocrx_word' id='word_1_121' title='bbox 949 1755 1079 1831; x_wconf 87' lang='lat' dir='ltr'><strong>quadrat</strong></span> 
     </span>
     <span class='ocr_line' id='line_1_16' title="bbox 56 1842 1078 1919; baseline 0.002 -18"><span class='ocrx_word' id='word_1_122' title='bbox 56 1845 90 1901; x_wconf 90' lang='lat' dir='ltr'><strong>et</strong></span> <span class='ocrx_word' id='word_1_123' title='bbox 113 1842 151 1901; x_wconf 94' lang='lat' dir='ltr'><strong>ad</strong></span> <span class='ocrx_word' id='word_1_124' title='bbox 169 1842 312 1902; x_wconf 77' lang='lat' dir='ltr'><strong>viciniam</strong></span> <span class='ocrx_word' id='word_1_125' title='bbox 333 1847 369 1902; x_wconf 88' lang='lat' dir='ltr'><strong>ut</strong></span> <span class='ocrx_word' id='word_1_126' title='bbox 386 1847 431 1902; x_wconf 90' lang='lat' dir='ltr'><strong>ita</strong></span> <span class='ocrx_word' id='word_1_127' title='bbox 449 1843 546 1903; x_wconf 90' lang='lat' dir='ltr'><strong>dicam</strong></span> <span class='ocrx_word' id='word_1_128' title='bbox 564 1843 751 1903; x_wconf 78' lang='lat' dir='ltr'><strong>Athenarum</strong></span> <span class='ocrx_word' id='word_1_129' title='bbox 770 1843 941 1902; x_wconf 86' lang='lat' dir='ltr'><strong>Thebarum</strong></span> <span class='ocrx_word' id='word_1_130' title='bbox 961 1845 1078 1919; x_wconf 86' lang='lat' dir='ltr'><strong>Troiae,</strong></span> 
     </span>
     <span class='ocr_line' id='line_1_17' title="bbox 55 1931 1079 2008; baseline 0.002 -18"><span class='ocrx_word' id='word_1_131' title='bbox 55 1935 89 1990; x_wconf 90' lang='lat' dir='ltr'><strong>et</strong></span> <span class='ocrx_word' id='word_1_132' title='bbox 108 1932 235 2006; x_wconf 90' lang='lat' dir='ltr'><strong>adrem,</strong></span> <span class='ocrx_word' id='word_1_133' title='bbox 253 1951 321 1991; x_wconf 90' lang='lat' dir='ltr'><strong>cum</strong></span> <span class='ocrx_word' id='word_1_134' title='bbox 339 1952 374 1992; x_wconf 90' lang='lat' dir='ltr'><strong>ea</strong></span> <span class='ocrx_word' id='word_1_135' title='bbox 393 1951 471 1991; x_wconf 85' lang='lat' dir='ltr'><strong>anno</strong></span> <span class='ocrx_word' id='word_1_136' title='bbox 491 1953 517 1991; x_wconf 90' lang='lat' dir='ltr'><strong>a.</strong></span> <span class='ocrx_word' id='word_1_137' title='bbox 532 1931 599 1991; x_wconf 82' lang='lat' dir='ltr'><strong>Chr.</strong></span> <span class='ocrx_word' id='word_1_138' title='bbox 613 1953 642 1991; x_wconf 92' lang='lat' dir='ltr'><strong>n.</strong></span> <span class='ocrx_word' id='word_1_139' title='bbox 660 1934 722 1992; x_wconf 87' lang='grc'><strong>146</strong></span> <span class='ocrx_word' id='word_1_140' title='bbox 743 1932 841 1992; x_wconf 86' lang='lat' dir='ltr'><strong>deleta</strong></span> <span class='ocrx_word' id='word_1_141' title='bbox 860 1936 907 1991; x_wconf 90' lang='lat' dir='ltr'><strong>sit.</strong></span> <span class='ocrx_word' id='word_1_142' title='bbox 945 1932 1079 2008; x_wconf 85' lang='lat' dir='ltr'><strong>Accedit,</strong></span> 
     </span>
     <span class='ocr_line' id='line_1_18' title="bbox 55 2020 1078 2100; baseline 0.002 -21"><span class='ocrx_word' id='word_1_143' title='bbox 55 2021 140 2097; x_wconf 91' lang='lat' dir='ltr'><strong>quod</strong></span> <span class='ocrx_word' id='word_1_144' title='bbox 165 2021 239 2081; x_wconf 88' lang='lat' dir='ltr'><strong>satis</strong></span> <span class='ocrx_word' id='word_1_145' title='bbox 264 2020 352 2080; x_wconf 84' lang='lat' dir='ltr'><strong>facile</strong></span> <span class='ocrx_word' id='word_1_146' title='bbox 378 2021 595 2100; x_wconf 82' lang='lat' dir='ltr'><strong>intellegimus,</strong></span> <span class='ocrx_word' id='word_1_147' title='bbox 624 2022 771 2097; x_wconf 88' lang='lat' dir='ltr'><strong>quomodo</strong></span> <span class='ocrx_word' id='word_1_148' title='bbox 798 2040 906 2082; x_wconf 91' lang='lat' dir='ltr'><strong>nomen</strong></span> <span class='ocrx_word' id='word_1_149' title='bbox 934 2021 1078 2097; x_wconf 74' lang='lat' dir='ltr'><strong>Oortrctbc,</strong></span> 
     </span>
     <span class='ocr_line' id='line_1_19' title="bbox 54 2105 1079 2186; baseline 0 -16"><span class='ocrx_word' id='word_1_150' title='bbox 54 2129 127 2170; x_wconf 88' lang='lat' dir='ltr'><strong>cum</strong></span> <span class='ocrx_word' id='word_1_151' title='bbox 140 2110 184 2169; x_wconf 90' lang='lat' dir='ltr'><strong>sic</strong></span> <span class='ocrx_word' id='word_1_152' title='bbox 197 2110 258 2170; x_wconf 83' lang='lat' dir='ltr'><strong>fere</strong></span> <span class='ocrx_word' id='word_1_153' title='bbox 272 2110 422 2170; x_wconf 90' lang='lat' dir='ltr'><strong>Antonius</strong></span> <span class='ocrx_word' id='word_1_154' title='bbox 436 2111 597 2186; x_wconf 86' lang='lat' dir='ltr'><strong>scripserit,</strong></span> <span class='ocrx_word' id='word_1_155' title='bbox 612 2110 826 2186; x_wconf 87' lang='lat' dir='ltr'><strong>depravaretur</strong></span> <span class='ocrx_word' id='word_1_156' title='bbox 838 2111 871 2169; x_wconf 92' lang='lat' dir='ltr'><strong>in</strong></span> <span class='ocrx_word' id='word_1_157' title='bbox 887 2105 1002 2185; x_wconf 48' lang='lat' dir='ltr'><strong>eapte&amp;</strong></span> <span class='ocrx_word' id='word_1_158' title='bbox 1029 2112 1079 2171; x_wconf 90' lang='lat' dir='ltr'><strong>Ita</strong></span> 
     </span>
     <span class='ocr_line' id='line_1_20' title="bbox 55 2199 1079 2277; baseline 0.003 -20"><span class='ocrx_word' id='word_1_159' title='bbox 55 2199 155 2277; x_wconf 89' lang='lat' dir='ltr'><strong>igitur</strong></span> <span class='ocrx_word' id='word_1_160' title='bbox 177 2199 362 2258; x_wconf 88' lang='lat' dir='ltr'><strong>emendanda</strong></span> <span class='ocrx_word' id='word_1_161' title='bbox 384 2201 425 2258; x_wconf 90' lang='lat' dir='ltr'><strong>sit</strong></span> <span class='ocrx_word' id='word_1_162' title='bbox 446 2199 501 2258; x_wconf 90' lang='lat' dir='ltr'><strong>illa</strong></span> <span class='ocrx_word' id='word_1_163' title='bbox 523 2200 621 2260; x_wconf 89' lang='lat' dir='ltr'><strong>lectio.</strong></span> <span class='ocrx_word' id='word_1_164' title='bbox 667 2199 796 2259; x_wconf 90' lang='lat' dir='ltr'><strong>Proinde</strong></span> <span class='ocrx_word' id='word_1_165' title='bbox 818 2203 978 2276; x_wconf 91' lang='lat' dir='ltr'><strong>postquam</strong></span> <span class='ocrx_word' id='word_1_166' title='bbox 1000 2201 1079 2260; x_wconf 89' lang='lat' dir='ltr'><strong>hano</strong></span> 
     </span>
     <span class='ocr_line' id='line_1_21' title="bbox 54 2287 1078 2368; baseline 0.003 -22"><span class='ocrx_word' id='word_1_167' title='bbox 54 2287 197 2347; x_wconf 89' lang='lat' dir='ltr'><strong>mendam</strong></span> <span class='ocrx_word' id='word_1_168' title='bbox 211 2289 360 2368; x_wconf 84' lang='lat' dir='ltr'><strong>corrigere</strong></span> <span class='ocrx_word' id='word_1_169' title='bbox 373 2289 553 2364; x_wconf 66' lang='lat' dir='ltr'><strong>studuimus</strong></span> <span class='ocrx_word' id='word_1_170' title='bbox 568 2289 604 2347; x_wconf 89' lang='lat' dir='ltr'><strong>de</strong></span> <span class='ocrx_word' id='word_1_171' title='bbox 618 2289 665 2348; x_wconf 89' lang='lat' dir='ltr'><strong>his</strong></span> <span class='ocrx_word' id='word_1_172' title='bbox 679 2289 802 2348; x_wconf 89' lang='lat' dir='ltr'><strong>urbibus</strong></span> <span class='ocrx_word' id='word_1_173' title='bbox 817 2308 949 2368; x_wconf 88' lang='lat' dir='ltr'><strong>agamus.</strong></span> <span class='ocrx_word' id='word_1_174' title='bbox 978 2290 1078 2365; x_wconf 86' lang='lat' dir='ltr'><strong>Atque</strong></span> 
     </span>
     <span class='ocr_line' id='line_1_22' title="bbox 53 2366 1078 2456; baseline 0 -20"><span class='ocrx_word' id='word_1_175' title='bbox 53 2379 93 2436; x_wconf 90' lang='lat' dir='ltr'><strong>ut</strong></span> <span class='ocrx_word' id='word_1_176' title='bbox 115 2366 237 2437; x_wconf 86' lang='lat' dir='ltr'><strong>Troiam</strong></span> <span class='ocrx_word' id='word_1_177' title='bbox 260 2378 399 2437; x_wconf 90' lang='lat' dir='ltr'><strong>omittam</strong></span> <span class='ocrx_word' id='word_1_178' title='bbox 423 2376 573 2456; x_wconf 75' lang='lat' dir='ltr'><strong>Carthago</strong></span> <span class='ocrx_word' id='word_1_179' title='bbox 600 2377 703 2437; x_wconf 86' lang='lat' dir='ltr'><strong>eodem</strong></span> <span class='ocrx_word' id='word_1_180' title='bbox 719 2375 803 2437; x_wconf 69' lang='lat' dir='ltr'><strong>&#39;anno</strong></span> <span class='ocrx_word' id='word_1_181' title='bbox 828 2398 888 2454; x_wconf 94' lang='lat' dir='ltr'><strong>quo</strong></span> <span class='ocrx_word' id='word_1_182' title='bbox 910 2378 1078 2451; x_wconf 77' lang='lat' dir='ltr'><strong>Corinthus,</strong></span> 
     </span>
     <span class='ocr_line' id='line_1_23' title="bbox 53 2465 1075 2542; baseline 0.004 -18"><span class='ocrx_word' id='word_1_183' title='bbox 53 2467 77 2527; x_wconf 93' lang='lat' dir='ltr'><strong>i.</strong></span> <span class='ocrx_word' id='word_1_184' title='bbox 96 2485 121 2524; x_wconf 94' lang='lat' dir='ltr'><strong>e.</strong></span> <span class='ocrx_word' id='word_1_185' title='bbox 141 2484 167 2526; x_wconf 88' lang='lat' dir='ltr'><strong>a.</strong></span> <span class='ocrx_word' id='word_1_186' title='bbox 188 2465 255 2526; x_wconf 73' lang='lat' dir='ltr'><strong>(ihr.</strong></span> <span class='ocrx_word' id='word_1_187' title='bbox 274 2488 302 2525; x_wconf 93' lang='lat' dir='ltr'><strong>n.</strong></span> <span class='ocrx_word' id='word_1_188' title='bbox 324 2469 386 2526; x_wconf 88' lang='grc'><strong>146</strong></span> <span class='ocrx_word' id='word_1_189' title='bbox 407 2467 506 2526; x_wconf 88' lang='lat' dir='ltr'><strong>deleta</strong></span> <span class='ocrx_word' id='word_1_190' title='bbox 529 2470 583 2542; x_wconf 89' lang='lat' dir='ltr'><strong>est,</strong></span> <span class='ocrx_word' id='word_1_191' title='bbox 607 2467 726 2526; x_wconf 90' lang='lat' dir='ltr'><strong>Thebae</strong></span> <span class='ocrx_word' id='word_1_192' title='bbox 744 2486 815 2526; x_wconf 86' lang='lat' dir='ltr'><strong>vero</strong></span> <span class='ocrx_word' id='word_1_193' title='bbox 839 2487 874 2526; x_wconf 83' lang='lat' dir='ltr'><strong>ex</strong></span> <span class='ocrx_word' id='word_1_194' title='bbox 903 2486 981 2527; x_wconf 90' lang='lat' dir='ltr'><strong>anno</strong></span> <span class='ocrx_word' id='word_1_195' title='bbox 1011 2470 1075 2528; x_wconf 88' lang='lat'><strong>335</strong></span> 
     </span>
     <span class='ocr_line' id='line_1_24' title="bbox 55 2555 1078 2633; baseline 0.003 -20"><span class='ocrx_word' id='word_1_196' title='bbox 55 2555 177 2614; x_wconf 90' lang='lat' dir='ltr'><strong>dirutae</strong></span> <span class='ocrx_word' id='word_1_197' title='bbox 197 2559 291 2631; x_wconf 86' lang='lat' dir='ltr'><strong>erant,</strong></span> <span class='ocrx_word' id='word_1_198' title='bbox 310 2559 341 2615; x_wconf 95' lang='lat' dir='ltr'><strong>et</strong></span> <span class='ocrx_word' id='word_1_199' title='bbox 359 2575 435 2632; x_wconf 89' lang='lat' dir='ltr'><strong>quae</strong></span> <span class='ocrx_word' id='word_1_200' title='bbox 454 2557 490 2615; x_wconf 89' lang='lat' dir='ltr'><strong>de</strong></span> <span class='ocrx_word' id='word_1_201' title='bbox 511 2556 638 2616; x_wconf 87' lang='lat' dir='ltr'><strong>Athenis</strong></span> <span class='ocrx_word' id='word_1_202' title='bbox 656 2556 761 2615; x_wconf 83' lang='lat' dir='ltr'><strong>excisis</strong></span> <span class='ocrx_word' id='word_1_203' title='bbox 780 2556 923 2615; x_wconf 88' lang='lat' dir='ltr'><strong>dicuntur</strong></span> <span class='ocrx_word' id='word_1_204' title='bbox 941 2560 1078 2633; x_wconf 87' lang='lat' dir='ltr'><strong>spectant</strong></span> 
     </span>
     <span class='ocr_line' id='line_1_25' title="bbox 17 2644 1077 2722; baseline 0.004 -20"><span class='ocrx_word' id='word_1_205' title='bbox 17 2706 21 2713; x_wconf 66' lang='grc'>,</span> <span class='ocrx_word' id='word_1_206' title='bbox 54 2644 97 2702; x_wconf 91' lang='lat' dir='ltr'><strong>ad</strong></span> <span class='ocrx_word' id='word_1_207' title='bbox 115 2644 219 2703; x_wconf 89' lang='lat' dir='ltr'><strong>urbem</strong></span> <span class='ocrx_word' id='word_1_208' title='bbox 239 2664 258 2705; x_wconf 88' lang='lat' dir='ltr'><strong>a</strong></span> <span class='ocrx_word' id='word_1_209' title='bbox 276 2644 361 2704; x_wconf 87' lang='lat' dir='ltr'><strong>Sulla</strong></span> <span class='ocrx_word' id='word_1_210' title='bbox 384 2664 410 2704; x_wconf 96' lang='lat' dir='ltr'><strong>a.</strong></span> <span class='ocrx_word' id='word_1_211' title='bbox 427 2646 466 2704; x_wconf 85' lang='grc'><strong>86</strong></span> <span class='ocrx_word' id='word_1_212' title='bbox 492 2645 649 2722; x_wconf 87' lang='lat' dir='ltr'><strong>direptam.</strong></span> <span class='ocrx_word' id='word_1_213' title='bbox 688 2645 746 2703; x_wconf 84' lang='lat' dir='ltr'><strong>Sed</strong></span> <span class='ocrx_word' id='word_1_214' title='bbox 770 2646 805 2704; x_wconf 93' lang='lat' dir='ltr'><strong>de</strong></span> <span class='ocrx_word' id='word_1_215' title='bbox 823 2646 920 2706; x_wconf 84' lang='lat' dir='ltr'><strong>Roma</strong></span> <span class='ocrx_word' id='word_1_216' title='bbox 943 2647 1077 2706; x_wconf 85' lang='lat' dir='ltr'><strong>funditus</strong></span> 
     </span>
     <span class='ocr_line' id='line_1_26' title="bbox 55 2725 1077 2814; baseline 0.002 -22"><span class='ocrx_word' id='word_1_217' title='bbox 55 2752 162 2793; x_wconf 87' lang='lat' dir='ltr'><strong>eversa</strong></span> <span class='ocrx_word' id='word_1_218' title='bbox 181 2725 286 2814; x_wconf 68' lang='lat' dir='ltr'><strong>(finale</strong></span> <span class='ocrx_word' id='word_1_219' title='bbox 304 2735 479 2794; x_wconf 79' lang='lat' dir='ltr'><strong>destruction</strong></span> <span class='ocrx_word' id='word_1_220' title='bbox 498 2735 517 2795; x_wconf 93' lang='lat' dir='ltr'><strong>l.</strong></span> <span class='ocrx_word' id='word_1_221' title='bbox 532 2727 567 2813; x_wconf 87' lang='lat' dir='ltr'><strong>l.)</strong></span> <span class='ocrx_word' id='word_1_222' title='bbox 588 2735 764 2810; x_wconf 88' lang='lat' dir='ltr'><strong>scriptorem</strong></span> <span class='ocrx_word' id='word_1_223' title='bbox 783 2737 853 2793; x_wconf 88' lang='lat' dir='ltr'><strong>ante</strong></span> <span class='ocrx_word' id='word_1_224' title='bbox 873 2737 1012 2810; x_wconf 90' lang='lat' dir='ltr'><strong>quintum</strong></span> <span class='ocrx_word' id='word_1_225' title='bbox 1029 2736 1077 2796; x_wconf 86' lang='lat' dir='ltr'><strong>vel</strong></span> 
     </span>
     <span class='ocr_line' id='line_1_27' title="bbox 54 2822 1077 2900; baseline 0.001 -19"><span class='ocrx_word' id='word_1_226' title='bbox 54 2825 175 2882; x_wconf 82' lang='lat' dir='ltr'><strong>sextum</strong></span> <span class='ocrx_word' id='word_1_227' title='bbox 192 2843 222 2898; x_wconf 91' lang='lat' dir='ltr'><strong>p.</strong></span> <span class='ocrx_word' id='word_1_228' title='bbox 238 2822 305 2883; x_wconf 77' lang='lat' dir='ltr'><strong>chr.</strong></span> <span class='ocrx_word' id='word_1_229' title='bbox 324 2843 352 2883; x_wconf 88' lang='lat' dir='ltr'><strong>n.</strong></span> <span class='ocrx_word' id='word_1_230' title='bbox 376 2824 528 2884; x_wconf 84' lang='lat' dir='ltr'><strong>saeculum</strong></span> <span class='ocrx_word' id='word_1_231' title='bbox 551 2825 730 2900; x_wconf 85' lang='lat' dir='ltr'><strong>cogitavisse</strong></span> <span class='ocrx_word' id='word_1_232' title='bbox 753 2826 878 2882; x_wconf 87' lang='lat' dir='ltr'><strong>nonest</strong></span> <span class='ocrx_word' id='word_1_233' title='bbox 900 2825 1077 2899; x_wconf 88' lang='lat' dir='ltr'><strong>putandum.</strong></span> 
     </span>
     <span class='ocr_line' id='line_1_28' title="bbox 56 2911 1077 2990; baseline 0.002 -20"><span class='ocrx_word' id='word_1_234' title='bbox 56 2911 139 2990; x_wconf 78' lang='lat' dir='ltr'><strong>Ergo</strong></span> <span class='ocrx_word' id='word_1_235' title='bbox 161 2913 215 2970; x_wconf 90' lang='lat' dir='ltr'><strong>aut</strong></span> <span class='ocrx_word' id='word_1_236' title='bbox 237 2912 273 2972; x_wconf 92' lang='lat' dir='ltr'><strong>de</strong></span> <span class='ocrx_word' id='word_1_237' title='bbox 291 2913 379 2972; x_wconf 90' lang='lat' dir='ltr'><strong>malis</strong></span> <span class='ocrx_word' id='word_1_238' title='bbox 399 2912 576 2989; x_wconf 88' lang='lat' dir='ltr'><strong>quibusdam</strong></span> <span class='ocrx_word' id='word_1_239' title='bbox 594 2932 670 2988; x_wconf 91' lang='lat' dir='ltr'><strong>quae</strong></span> <span class='ocrx_word' id='word_1_240' title='bbox 689 2913 801 2972; x_wconf 89' lang='lat' dir='ltr'><strong>Romae</strong></span> <span class='ocrx_word' id='word_1_241' title='bbox 820 2912 889 2971; x_wconf 88' lang='lat' dir='ltr'><strong>urbi</strong></span> <span class='ocrx_word' id='word_1_242' title='bbox 908 2913 1077 2989; x_wconf 87' lang='lat' dir='ltr'><strong>acciderint,</strong></span> 
     </span>
     <span class='ocr_line' id='line_1_29' title="bbox 57 3000 1077 3077; baseline 0.003 -18"><span class='ocrx_word' id='word_1_243' title='bbox 57 3020 119 3061; x_wconf 89' lang='lat' dir='ltr'><strong>non</strong></span> <span class='ocrx_word' id='word_1_244' title='bbox 142 3000 179 3061; x_wconf 89' lang='lat' dir='ltr'><strong>de</strong></span> <span class='ocrx_word' id='word_1_245' title='bbox 202 3001 348 3062; x_wconf 82' lang='lat' dir='ltr'><strong>excisione</strong></span> <span class='ocrx_word' id='word_1_246' title='bbox 370 3001 505 3077; x_wconf 91' lang='lat' dir='ltr'><strong>loquitur</strong></span> <span class='ocrx_word' id='word_1_247' title='bbox 528 3004 590 3062; x_wconf 86' lang='lat' dir='ltr'><strong>sive</strong></span> <span class='ocrx_word' id='word_1_248' title='bbox 615 3001 763 3062; x_wconf 89' lang='lat' dir='ltr'><strong>Antonius</strong></span> <span class='ocrx_word' id='word_1_249' title='bbox 788 3005 849 3061; x_wconf 86' lang='lat' dir='ltr'><strong>sive</strong></span> <span class='ocrx_word' id='word_1_250' title='bbox 873 3004 936 3062; x_wconf 90' lang='lat' dir='ltr'><strong>eius</strong></span> <span class='ocrx_word' id='word_1_251' title='bbox 961 3008 1077 3062; x_wconf 89' lang='lat' dir='ltr'><strong>auctor:</strong></span> 
     </span>
     <span class='ocr_line' id='line_1_30' title="bbox 53 3090 1076 3167; baseline 0.001 -18"><span class='ocrx_word' id='word_1_252' title='bbox 53 3094 123 3149; x_wconf 85' lang='lat' dir='ltr'><strong>tum</strong></span> <span class='ocrx_word' id='word_1_253' title='bbox 142 3090 250 3167; x_wconf 91' lang='lat' dir='ltr'><strong>quibus</strong></span> <span class='ocrx_word' id='word_1_254' title='bbox 273 3091 346 3150; x_wconf 92' lang='lat' dir='ltr'><strong>belli</strong></span> <span class='ocrx_word' id='word_1_255' title='bbox 368 3091 590 3151; x_wconf 89' lang='lat' dir='ltr'><strong>calamitatibus</strong></span> <span class='ocrx_word' id='word_1_256' title='bbox 609 3092 704 3150; x_wconf 88' lang='lat' dir='ltr'><strong>Roma</strong></span> <span class='ocrx_word' id='word_1_257' title='bbox 728 3092 835 3151; x_wconf 86' lang='lat' dir='ltr'><strong>affecta</strong></span> <span class='ocrx_word' id='word_1_258' title='bbox 853 3091 902 3167; x_wconf 83' lang='lat' dir='ltr'><strong>sit,</strong></span> <span class='ocrx_word' id='word_1_259' title='bbox 924 3092 1000 3150; x_wconf 89' lang='lat' dir='ltr'><strong>mihi</strong></span> <span class='ocrx_word' id='word_1_260' title='bbox 1018 3112 1076 3152; x_wconf 92' lang='lat' dir='ltr'><strong>non</strong></span> 
     </span>
     <span class='ocr_line' id='line_1_31' title="bbox 55 3175 1077 3256; baseline 0 -16"><span class='ocrx_word' id='word_1_261' title='bbox 55 3198 133 3256; x_wconf 88' lang='lat' dir='ltr'><strong>opus</strong></span> <span class='ocrx_word' id='word_1_262' title='bbox 152 3182 198 3240; x_wconf 90' lang='lat' dir='ltr'><strong>est</strong></span> <span class='ocrx_word' id='word_1_263' title='bbox 216 3199 396 3240; x_wconf 83' lang='lat' dir='ltr'><strong>enumerare.</strong></span> <span class='ocrx_word' id='word_1_264' title='bbox 433 3179 496 3240; x_wconf 88' lang='lat' dir='ltr'><strong>Aut</strong></span> <span class='ocrx_word' id='word_1_265' title='bbox 513 3175 680 3240; x_wconf 86' lang='lat' dir='ltr'><strong>Antonium</strong></span> <span class='ocrx_word' id='word_1_266' title='bbox 698 3180 825 3238; x_wconf 89' lang='lat' dir='ltr'><strong>Romam</strong></span> <span class='ocrx_word' id='word_1_267' title='bbox 847 3179 950 3239; x_wconf 88' lang='lat' dir='ltr'><strong>urbem</strong></span> <span class='ocrx_word' id='word_1_268' title='bbox 969 3181 1005 3240; x_wconf 90' lang='lat' dir='ltr'><strong>de</strong></span> <span class='ocrx_word' id='word_1_269' title='bbox 1024 3186 1077 3240; x_wconf 89' lang='lat' dir='ltr'><strong>suo</strong></span> 
     </span>
    </p>
   </div>
   <div class='ocr_carea' id='block_1_4' title="bbox 90 3376 1078 3528">
    <p class='ocr_par' dir='ltr' id='par_1_4' title="bbox 90 3376 1078 3528">
     <span class='ocr_line' id='line_1_32' title="bbox 90 3376 1078 3528; baseline 0.002 -71"><span class='ocrx_word' id='word_1_270' title='bbox 90 3376 93 3381; x_wconf 41' lang='lat'><strong>.</strong></span> <span class='ocrx_word' id='word_1_271' title='bbox 149 3405 174 3473; x_wconf 91' lang='lat'><strong>1)</strong></span> <span class='ocrx_word' id='word_1_272' title='bbox 199 3403 289 3473; x_wconf 86' lang='lat' dir='ltr'><strong>Saepe</strong></span> <span class='ocrx_word' id='word_1_273' title='bbox 308 3403 385 3472; x_wconf 87' lang='lat' dir='ltr'><strong>apud</strong></span> <span class='ocrx_word' id='word_1_274' title='bbox 403 3403 558 3457; x_wconf 88' lang='lat' dir='ltr'><strong>Antonium</strong></span> <span class='ocrx_word' id='word_1_275' title='bbox 581 3403 696 3457; x_wconf 91' lang='lat' dir='ltr'><strong>nomina</strong></span> <span class='ocrx_word' id='word_1_276' title='bbox 714 3404 829 3473; x_wconf 89' lang='lat' dir='ltr'><strong>propria</strong></span> <span class='ocrx_word' id='word_1_277' title='bbox 848 3420 921 3528; x_wconf 70' lang='lat' dir='ltr'><strong>quae</strong></span> <span class='ocrx_word' id='word_1_278' title='bbox 945 3404 1078 3459; x_wconf 89' lang='lat' dir='ltr'><strong>dicuntur</strong></span> 
     </span>
    </p>
   </div>
   <div class='ocr_carea' id='block_1_5' title="bbox 55 3474 824 3617">
    <p class='ocr_par' dir='ltr' id='par_1_5' title="bbox 55 3474 824 3617">
     <span class='ocr_line' id='line_1_33' title="bbox 56 3474 824 3546; baseline -0.003 -16"><span class='ocrx_word' id='word_1_279' title='bbox 56 3474 187 3530; x_wconf 75' lang='lat' dir='ltr'><strong>Romam</strong></span> <span class='ocrx_word' id='word_1_280' title='bbox 213 3475 335 3546; x_wconf 88' lang='lat' dir='ltr'><strong>legimns</strong></span> <span class='ocrx_word' id='word_1_281' title='bbox 363 3477 507 3544; x_wconf 78' lang='lat' dir='ltr'><strong>corrupta3</strong></span> <span class='ocrx_word' id='word_1_282' title='bbox 535 3475 599 3529; x_wconf 87' lang='lat' dir='ltr'><strong>vide</strong></span> <span class='ocrx_word' id='word_1_283' title='bbox 622 3490 695 3543; x_wconf 89' lang='lat' dir='ltr'><strong>qnae</strong></span> <span class='ocrx_word' id='word_1_284' title='bbox 724 3474 824 3530; x_wconf 85' lang='lat' dir='ltr'><strong>afferat</strong></span> 
     </span>
     <span class='ocr_line' id='line_1_34' title="bbox 55 3546 732 3617; baseline -0.003 -14"><span class='ocrx_word' id='word_1_285' title='bbox 55 3547 144 3603; x_wconf 82' lang='lat' dir='ltr'><strong>Notea</strong></span> <span class='ocrx_word' id='word_1_286' title='bbox 162 3563 189 3616; x_wconf 88' lang='lat' dir='ltr'><strong>p.</strong></span> <span class='ocrx_word' id='word_1_287' title='bbox 204 3553 239 3601; x_wconf 76' lang='lat'><strong>43</strong></span> <span class='ocrx_word' id='word_1_288' title='bbox 259 3548 403 3601; x_wconf 78' lang='lat' dir='ltr'><strong>adulat</strong></span> <span class='ocrx_word' id='word_1_289' title='bbox 420 3564 448 3617; x_wconf 89' lang='lat' dir='ltr'><strong>p.</strong></span> <span class='ocrx_word' id='word_1_290' title='bbox 464 3552 497 3601; x_wconf 75' lang='lat' dir='ltr'><strong>ht</strong></span> <span class='ocrx_word' id='word_1_291' title='bbox 518 3546 625 3602; x_wconf 45' lang='lat' dir='ltr'><strong>adusi.</strong></span> <span class='ocrx_word' id='word_1_292' title='bbox 675 3591 678 3596; x_wconf 91' lang='lat'><strong>.</strong></span> <span class='ocrx_word' id='word_1_293' title='bbox 720 3567 732 3595; x_wconf 68' lang='lat' dir='ltr'><strong>s</strong></span> 
     </span>
    </p>
   </div>
   <div class='ocr_carea' id='block_1_6' title="bbox 871 3476 1077 3544">
    <p class='ocr_par' dir='ltr' id='par_1_6' title="bbox 871 3476 1077 3544">
     <span class='ocr_line' id='line_1_35' title="bbox 871 3476 1077 3544; baseline -0.005 -14"><span class='ocrx_word' id='word_1_294' title='bbox 871 3476 1077 3544; x_wconf 84' lang='lat' dir='ltr'><strong>oederhjclmus</strong></span> 
     </span>
    </p>
   </div>
   <div class='ocr_carea' id='block_1_7' title="bbox 0 0 1216 3856">
    <p class='ocr_par' dir='ltr' id='par_1_7' title="bbox 0 0 1216 3856">
     <span class='ocr_line' id='line_1_36' title="bbox 0 0 1216 3856; baseline 0 0"><span class='ocrx_word' id='word_1_295' title='bbox 0 0 1216 3856; x_wconf 95' lang='lat' dir='ltr'><strong> </strong></span> 
     </span>
    </p>
   </div>
  </div>
 </body>
</html>
