2422 3856
465 137 520 190 LA
538 135 706 191 SALADE
1076 135 1096 198 5

81 282 168 344 tatus
187 301 287 344 vanos
307 283 338 344 et
358 284 505 364 sumptus
524 281 657 345 modum
677 280 875 364 excedentes
894 279 981 364 quod
1004 301 1099 363 saepe

79 378 204 442 faciunt
226 377 350 443 domini
373 399 486 463 segnes
511 382 543 444 et
566 380 600 461 ii,
624 380 680 463 qui
704 401 737 443 se
760 377 982 443 laudatoribus
1010 400 1099 462 prae·

79 475 166 558 bent,
190 477 257 540 sive
280 478 442 560 principes
466 479 534 541 sive
558 476 715 559 dominae,
743 478 778 542 in
800 478 1026 542 necessitatem
1048 477 1098 540 illi

79 575 236 657 incidunt,
260 595 333 638 cum
353 596 386 639 se
404 577 474 661 regi
492 575 658 658 patiantur
675 578 713 638 ut
732 574 887 660 infantes3
911 596 1009 658 quare
1028 578 1098 638 tum

80 675 209 756 oportet
236 693 304 755 eos,
332 677 369 737 ut
396 677 518 738 statum
546 695 640 737 snum
668 673 849 756 obtineant,
881 674 950 755 pati
978 673 1116 736 multas·

79 771 213 834 iniurias
233 773 266 833 et
283 770 402 834 multas
422 770 598 855 superbias,
622 774 718 854 atque
741 772 788 835 ita
805 770 937 854 perdere
960 771 1097 856 gratiam

81 867 142 949 dei,
165 870 221 950 qui
245 889 299 933 eos
323 870 358 932 in
380 869 443 955 hoc
465 869 587 934 mundo
611 870 790 954 constituit,
816 872 854 933 ut
882 868 1098 954 gubernarent

78 965 234 1049 populum
268 987 362 1031 suum
394 987 470 1030 vera
501 988 575 1031 cnm
607 966 745 1052 iustitia3
777 968 888 1049 itaque
914 955 1098 1030 mirandum

79 1084 146 1154 non
169 1066 227 1146 est,
251 1064 279 1127 si
301 1063 358 1129 ille
382 1064 428 1129 eis
453 1065 537 1128 mala
559 1064 664 1129 multa
686 1064 839 1148 patienda
858 1064 945 1129 dedit
969 1063 1024 1127 dat
1047 1063 1098 1146 vel

79 1160 212 1224 daturus
232 1165 288 1225 est.
325 1160 418 1227 Etsi
441 1163 515 1227 telis
540 1162 717 1227 dominatio
740 1165 849 1247 aliquo
873 1162 969 1226 modo
994 1163 1098 1245 durat,

79 1258 203 1324 scilicet
233 1281 291 1344 per
324 1281 433 1325 casum
464 1264 497 1324 et
526 1282 584 1344 per
612 1263 688 1345 vim,
716 1283 754 1337 ea
782 1270 866 1325 certe
890 1259 945 1324 diu
967 1257 1097 1324 manere

77 1379 144 1420 non
166 1361 288 1441 potest,
316 1378 390 1422 eum
418 1358 533 1452 durare
559 1379 626 1423 non
653 1361 756 1442 possit
779 1358 956 1440 dominatio
981 1360 1097 1442 turpis

144 1551 189 1616 Et
219 1553 246 1616 si
277 1556 411 1636 quaerat
440 1555 591 1638 princeps
624 1557 696 1639 quis
725 1554 908 1637 dominare,
941 1576 1098 1638 quaenam
1131 1574 1134 1577 ⁴
1200 1618 1203 1628 ,

78 1670 176 1734 opera
199 1652 274 1735 sint,
302 1650 420 1734 quibus
445 1653 630 1718 satisfacere
658 1655 786 1736 possint
807 1650 1031 1716 voluntatibus
1055 1654 1098 1715 ci-

77 1750 176 1830 vium,
199 1751 236 1841 ut
258 1752 414 1833 perpetuo
439 1751 474 1815 in
502 1771 613 1816 eorum
641 1772 750 1815 amore
772 1753 989 1834 permaneant,
1012 1750 1099 1833 huic,

21 1842 22 1845 ’
77 1846 123 1910 mi
142 1839 271 1911 domine
285 1847 558 1933 reverendissime,
577 1847 714 1915 Tullus
732 1849 906 1933 respondet
923 1852 1047 1913 rectum
1066 1853 1099 1914 et

77 1945 200 2009 iustum
224 1966 305 2028 opus
329 1966 398 2011 esse
421 1946 539 2012 habere
562 1947 681 2017 bonam
710 1947 963 2012 dominationem
986 1950 1019 2012 et
1042 1969 1098 2012 cor

77 2063 189 2105 verum
208 2063 245 2105 ao
265 2045 435 2126 sincerum,
455 2044 588 2131 diligere
606 2047 741 2110 virtutes
761 2047 794 2110 et
811 2045 959 2110 homines
977 2047 1097 2110 virtute

77 2138 250 2222 praeditos,
268 2139 381 2225 fugere
399 2144 479 2207 vitia
498 2147 530 2208 et
549 2143 740 2228 adulatores,
759 2167 778 2208 a
797 2143 914 2226 quibus
933 2144 1096 2227 principes

77 2241 188 2300 nostro
209 2258 287 2302 aevo
306 2242 472 2324 tamqnam
491 2241 714 2325 obcaecantur,
736 2262 834 2326 quare
852 2241 992 2325 perdunt
1010 2262 1097 2305 amo-

77 2356 145 2398 rem
170 2335 230 2418 dei,
253 2337 418 2421 honorem,
442 2341 662 2424 cognitionem
685 2341 841 2423 ipsorum,
859 2344 896 2403 ut
915 2340 1096 2423 complures

77 2455 188 2497 eorum
216 2436 362 2500 nesciant
391 2457 474 2519 qnae
501 2437 563 2501 sibi
591 2437 744 2522 fugienda
772 2441 804 2502 et
832 2459 913 2521 quae
942 2438 1096 2521 capienda

77 2533 149 2596 sint.
195 2530 240 2596 Et
263 2535 439 2616 opinantur
461 2556 496 2599 se
524 2556 592 2598 esse
618 2531 766 2600 laudatos
789 2539 923 2620 propter
946 2556 1027 2619 quae
1050 2535 1095 2599 vi-

76 2632 271 2713 tuperantur
290 2651 328 2695 ac
341 2632 542 2715 vituperatos
560 2637 693 2718 propter
711 2655 792 2717 quae
810 2633 1097 2716 laudantur,'nulla

77 2728 141 2791 alia
160 2750 255 2792 causa
272 2730 338 2793 nisi
357 2729 444 2812 quod
462 2751 558 2795 nemo
577 2733 623 2796 eis
642 2753 755 2796 verum
775 2731 872 2795 dicit
893 2730 1096 2815 Quapropter

77 2825 156 2890 dicit
176 2824 297 2891 Seneca
319 2826 354 2891 in
376 2827 461 2892 libro
486 2850 546 2893 suo
565 2828 612 2894 Vl
631 2830 670 2895 de
692 2829 856 2895 beneficiis
881 2833 913 2894 et
936 2829 1094 2912 incapite

75 2921 154 2987 XXI
177 2925 215 2989 de
239 2925 294 3010 eis,
319 2926 433 3009 quiin
457 2949 600 2992 summos
624 2929 838 2992 humanarum
861 2949 970 2991 rerum
992 2930 1095 2991 status

77 3021 196 3086 sublati
220 3026 304 3106 sunt,
327 3045 439 3088 eorum
461 3026 545 3090 nihil
568 3027 671 3112 magis
695 3026 848 3091 interesse
867 3021 964 3108 quam
982 3046 1094 3089 verum

76 3119 157 3201 ipsis
181 3120 252 3184 dici.
299 3121 344 3184 Et
367 3125 437 3186 tum
461 3124 608 3207 sequitur
630 3124 698 3189 eius
722 3123 883 3190 sententia
906 3129 943 3187 de
967 3144 1095 3189 concer-

10 3213 13 3218 ’
75 3215 254 3283 tationibus
283 3222 316 3282 et
343 3221 605 3287 contentionibus
633 3244 715 3307 quae
742 3223 777 3287 in
804 3223 887 3286 aulis
910 3222 1094 3305 principum

75 3318 161 3398 sunt,
181 3317 253 3399 quis
272 3318 387 3382 melius
408 3318 453 3384 eis
471 3321 577 3404 possit
594 3322 720 3405 placere
739 3325 770 3385 et
790 3320 943 3385 subtilius
962 3320 1092 3385 adulari.
