2422 3856
244 150 269 200 5.
287 145 336 199 Du
355 144 534 201 CICERONE
552 145 708 201 ANTONII
724 145 894 202 AUCTORE
1039 146 1080 210 61

62 316 174 371 sumus,
202 297 389 357 clementiam
411 298 593 374 probavisse,
621 298 863 374 misericordiam,
893 299 928 356 ut
951 296 1081 370 videtur,

61 386 274 464 repudiat-isse.
332 387 411 445 Nam
451 389 490 462 is,
535 390 570 446 ut
609 389 728 463 potiora
769 386 866 446 salum
900 386 1080 461 'exscribam

62 477 149 536 Tusa.
162 476 207 535 IV
223 477 278 535 18:
304 477 513 536 Misericordia
539 477 639 552 inquit
662 481 704 536 ast
730 476 881 549 aeqritedo
904 493 939 535 aa
960 477 1081 535 miseria

62 567 186 626 atterius
212 566 391 637 laboraretis5
420 583 504 624 memo
534 569 610 625 emim
636 566 809 639 parricidae
839 569 891 623 aut
917 565 1082 638 proditoris

61 655 207 728 sappum
229 655 431 714 misericordia
453 649 671 715 eommovear}
715 654 761 712 Ea
784 672 902 729 quoque
930 654 1082 730 legantur,

62 763 143 821 quae
166 744 203 803 de
226 744 273 805 off.
291 742 308 801 Ι
327 745 368 802 88
393 743 479 803 dicit:
511 745 554 802 Et
575 748 672 804 tamea
694 746 737 802 ita
754 743 914 816 probanda
936 748 978 802 est
998 761 1082 802 mare-

61 833 185 893 saetudo
207 837 293 906 atque
319 834 479 908 ammeta,
506 838 540 892 ut
565 834 739 893 adhibeatur
765 833 964 906 reipublicae
991 849 1083 891 caasa

61 925 212 992 seueritas,
239 923 303 982 sim
329 939 389 994 qua
411 922 615 981 adruiaistrari
642 925 746 982 civitas
767 939 827 980 aaa
844 925 946 995 potest
992 920 1083 980 Deni-

63 1031 122 1088 que
150 1030 244 1087 aeque
272 1013 363 1087 atque
385 1009 511 1070 Antonii
535 1014 640 1071 auctor
659 1012 688 1085 8,
704 1013 744 1070 26
766 1006 831 1088 (17,
851 1012 892 1069 23
913 1002 949 1091 S)
972 1013 1082 1085 monet,

61 1120 100 1160 ne
128 1101 323 1178 magistratum
356 1100 531 1162 crudelitate
564 1103 597 1158 in
628 1099 780 1175 puniendo
807 1101 947 1174 utantur,
980 1098 1083 1158 (licere

61 1193 142 1250 iram
169 1189 303 1248 adhiberi
325 1190 423 1262 vetat,
450 1210 518 1251 cum
545 1188 581 1248 de
610 1189 752 1248 off.189
782 1189 868 1248 dicit:
896 1189 1083 1248 Prohibenda

61 1283 162 1339 numm
187 1281 314 1338 maxime
341 1283 382 1338 est
407 1282 457 1338 ira
483 1281 516 1338 ie
537 1279 699 1353 mmieado,
730 1280 760 1337 et
788 1280 882 1354 optat,
911 1283 945 1337 at
970 1281 1003 1346 ii,
1033 1281 1084 1351 qai

57 1373 208 1443 praesum
229 1369 274 1427 rei
291 1368 437 1442 publicae,
460 1369 556 1442 tecam
577 1369 688 1427 simdes
709 1369 777 1446 siret,
800 1384 874 1441 auae
897 1367 938 1426 ad
954 1369 1083 1440 pumicu-

62 1458 136 1517 dum
157 1474 218 1516 aaa
238 1458 406 1526 iracundia,
429 1458 480 1516 sed
502 1460 646 1531 aequitate
668 1454 824 1516 ducuntur.
1150 1465 1152 1469 ’

153 1546 220 1605 Iam
238 1546 274 1605 de
293 1564 378 1621 pace
401 1547 512 1606 similia
530 1548 691 1623 praecepta
710 1548 799 1623 atque
818 1546 900 1621 apud
917 1544 1083 1605 Antonium

65 1637 179 1710 12,31
204 1627 275 1717 (18,
301 1637 343 1694 10
367 1627 402 1716 S)
436 1635 488 1694 dat
516 1635 632 1709 Cicero,
665 1636 718 1712 qui
750 1635 785 1694 de
813 1634 901 1694 eiii
925 1635 981 1694 35:
1012 1634 1083 1693 Sus-

61 1725 199 1799 cipieuda
221 1725 322 1800 inquit
344 1725 459 1798 quidem
481 1725 556 1784 betta
577 1729 647 1783 saut
669 1725 703 1783 ob
727 1742 792 1783 eam
814 1741 944 1793 causam,
966 1728 1000 1782 ut
1020 1725 1084 1782 side

61 1816 180 1873 iniuria
201 1816 235 1872 iu
252 1831 328 1887 paee
350 1816 480 1890 cibatur,
504 1816 535 1872 et
556 1814 681 1872 ibidem:
705 1814 777 1874 Mea
800 1814 916 1888 quidem
943 1815 1084 1872 seuteetia

56 1905 140 1978 paci,
158 1920 233 1977 quae
246 1904 322 1962 uitii
338 1904 477 1962 habitura
489 1905 528 1962 sit
544 1905 732 1972 iresidiarum,
751 1921 863 1976 semper
877 1906 918 1961 cst
935 1903 1084 1962 cursatea-

62 1993 144 2051 dam.
167 1991 310 2051 Eiusdem
328 1992 405 2051 addo
423 1992 602 2051 sententiam
620 2011 696 2069 quae
710 1993 823 2069 legitur
840 1990 927 2050 1de
941 1992 997 2050 8οι
1016 1991 1084 2049 Bet·

62 2083 128 2140 tam
140 2083 184 2141 ita
197 2083 385 2158 mediatatur,
403 2085 437 2139 at
448 2082 524 2140 uitii
537 2081 622 2140 adad
634 2084 695 2141 uisi
709 2099 775 2154 pac
790 2083 922 2153 quaesita
940 2080 1083 2139 uideatur.

75 2218 78 2222 .
154 2169 243 2229 Nunc
263 2169 418 2230 veniamus
442 2171 481 2228 ad
504 2170 786 2244 affabilitatem,
814 2169 849 2228 de
879 2187 939 2245 qua
962 2169 1083 2226 Tullum

62 2261 162 2336 egisse
176 2250 326 2319 Antonius
347 2260 397 2333 14,
414 2260 454 2318 13
470 2250 537 2340 (19,
554 2261 593 2318 18
610 2256 644 2336 S)
664 2260 802 2318 testatur.
843 2257 939 2327 Quam
963 2258 1002 2316 ad
1020 2278 1083 2316 rem

63 2347 238 2408 conferendi
265 2351 336 2407 sunt
361 2348 499 2408 nonnulli
527 2347 676 2407 Ciceronis
703 2349 770 2408 loci.
816 2348 908 2406 Velut
938 2346 974 2404 de
998 2347 1045 2405 off.
1069 2347 1085 2404 Ι

65 2439 108 2497 88
133 2437 219 2496 dicit:
255 2438 296 2496 Ire
323 2439 422 2497 tiberis
444 2455 512 2496 aero
529 2439 651 2512 papatis
674 2442 700 2496 et
720 2439 753 2496 ia
779 2439 856 2496 iuris
879 2437 1084 2508 aequabilitate

65 2529 226 2587 educenda
248 2530 336 2586 etiam
359 2532 401 2586 est
420 2528 552 2601 facilitas
571 2531 598 2586 et
614 2528 736 2586 altitudo
760 2528 854 2585 autari
874 2543 949 2600 quae
968 2525 1083 2600 dicitur,

63 2633 111 2686 ae,
139 2619 167 2676 si
192 2619 360 2676 irascamur
386 2621 440 2675 aat
464 2618 660 2690 intempestiue
687 2617 886 2676 accedentibus
915 2620 968 2674 aut
989 2617 1085 2688 impu

63 2707 167 2766 amur
192 2706 370 2779 royaettbas,
398 2709 432 2765 ier
458 2708 653 2764 morositatem
679 2707 813 2765 inutilem
836 2709 862 2763 et
883 2705 1015 2763 odiosam
1037 2706 1083 2761 ia-

64 2795 208 2854 cidamms.
255 2793 400 2853 Similiter
426 2794 462 2853 de
495 2796 543 2853 off.
566 2793 598 2853 H
621 2795 677 2852 48:
709 2795 843 2868 Difficile
874 2794 973 2868 inquit
1004 2794 1083 2851 dieta

66 2889 110 2943 est
131 2887 307 2958 quantopere
334 2885 463 2943 coueitid
489 2886 604 2943 amimae
627 2885 747 2943 comitas
774 2883 1002 2956 adfabilitasqae
1024 2900 1084 2940 ser-

63 2975 171 3032 monis.
225 2973 327 3032 Etiam
359 2992 461 3032 curam
491 2973 677 3032 utilitatis
710 2973 920 3045 communis,
957 2969 992 3028 de
1026 2991 1085 3046 qua

65 3062 204 3138 loquitur
226 3061 351 3121 Antonii
378 3065 481 3121 auctor
505 3062 556 3137 18,
572 3065 612 3120 22
638 3053 706 3143 (20,
726 3063 768 3120 40
789 3053 823 3141 S)
847 3061 895 3120 hie
919 3059 1016 3119 obiter
1039 3062 1083 3118 at-

64 3153 197 3230 tingam3
228 3153 263 3210 ut
295 3150 403 3210 evadat
430 3152 627 3227 comparatio,
660 3151 708 3209 vel
736 3150 893 3209 admonere
925 3167 1083 3224 possumus

66 3239 241 3300 Ciceronem
262 3241 361 3316 ipsum
379 3259 410 3300 se
434 3240 625 3300 excellentem
645 3240 736 3299 fuisse
758 3241 790 3297 in
810 3258 880 3298 cura
899 3240 1084 3297 mercaturae

67 3329 166 3389 dicere
188 3349 243 3405 pro
266 3329 366 3388 Plane.
387 3331 437 3388 64.

159 3520 185 3587 1)
203 3515 237 3572 V.
252 3517 338 3571 etiem
357 3517 438 3571 Tuae.
452 3517 491 3570 ΙΠ
505 3522 599 3585 20sq.;
618 3515 657 3569 IV
673 3522 715 3571 16.
