2422 3856
269 135 292 183 5.
316 128 365 182 DE
385 126 565 183 CICERONE
584 125 738 182 ANTONII
756 124 926 181 AUCTORE
1067 123 1110 187 65

93 282 224 340 tentiam
248 279 486 356 Scederhjelmus
509 278 566 339 11.
589 280 622 336 in
639 278 811 338 Aristotelis
833 276 910 335 libro
933 278 987 352 qui
1008 277 1111 336 inseri-

95 370 179 429 bitnr
196 368 325 428 Politica
348 369 464 429 etiamsi
489 370 548 427 alio
566 368 631 427 loco
650 367 779 426 inveniri
797 366 926 441 exponit.
970 365 1013 424 Ut
1032 367 1111 424 enim

93 459 244 518 Antonius
276 458 462 516 adulatorem
495 459 584 532 quasi
615 457 732 516 clavum
764 458 796 514 in
828 456 964 514 dextrum
997 454 1111 513 domini

94 549 214 609 oculum
235 546 326 624 figere
350 546 432 621 dicit,
461 548 506 605 ita
529 547 656 624 legimus
680 545 762 621 apud
784 543 978 604 Aristotelem
1000 543 1064 603 Pol.
1083 544 1112 600 V

95 640 115 696 9
139 628 212 717 (11)
236 656 265 712 p.
291 638 377 695 1314
402 655 420 694 a
444 636 463 694 5
493 636 662 694 adulatores
692 634 788 694 malos
820 651 884 695 esse
914 636 944 692 et
971 631 1033 717 ἥλῳ
1055 630 1111 712 γὰρ

94 722 112 784 ὁ
146 715 229 802 ἧλος,
262 723 357 802 ὥσπερ
390 720 409 802 ἡ
446 717 617 804 1111111111.1
671 724 712 783 Et
748 742 932 799 quamquam
961 721 1111 781 Antonius

93 815 268 874 Aristotelis
295 816 474 874 seutentiam
504 832 564 873 non
594 813 632 872 ad
660 812 784 872 verbum
811 814 955 888 expressit
978 830 1011 870 ao
1039 811 1112 870 libri

94 907 126 963 et
145 905 253 979 capitis
271 923 427 962 numerum
445 905 594 961 mutatum
612 901 711 976 habet,
734 905 835 961 tamen
853 900 979 960 Antonii
997 901 1112 960 dictum

93 992 193 1053 verbis
211 992 383 1051 Aristotelis
401 995 465 1051 tam
483 991 579 1051 simile
598 994 652 1067 est,
675 994 710 1050 ut
728 992 867 1066 scriptori
885 990 1111 1067 liancogallico

93 1082 172 1141 hunc
200 1082 298 1141 locum
326 1081 420 1140 oculis
447 1081 636 1140 obversatum
664 1099 726 1141 1111
754 1081 895 1139 arbitrari
916 1079 1014 1138 liceat.
1061 1078 1111 1138 Se-

93 1169 525 1249 (111111131111111111111111111
546 1169 683 1228 laudanti
703 1170 861 1245 scriptores
879 1170 1019 1243 antiquos
1038 1171 1111 1228 satis

94 1279 207 1338 magna
228 1259 301 1319 fides
324 1259 459 1318 habenda
482 1261 530 1318 sit.

186 1348 245 1408 Sed
258 1350 354 1408 multo
367 1351 510 1407 maiorem
524 1347 612 1407 fidem
626 1348 653 1406 ei
667 1347 852 1425 habebimus,
870 1346 923 1405 ubi
936 1347 1111 1421 compereri-

93 1457 161 1498 mus
174 1438 292 1513 reliqua
311 1456 386 1514 quae
407 1436 644 1514 Soederhjelmus
662 1437 719 1494 hac
738 1436 774 1493 de
788 1456 819 1495 re
833 1436 968 1511 protulit.
993 1434 1052 1505 Qui
1065 1437 1112 1495 vir

93 1527 200 1587 doctus
219 1529 280 1586 iam
292 1527 452 1600 Oefeersipt
469 1546 497 1601 p.
511 1528 599 1602 7sqq.
614 1525 725 1600 optime
740 1525 776 1584 de
789 1524 915 1584 Antonii
933 1525 1111 1584 auctoritate

94 1617 250 1690 iudicavit,
273 1619 303 1674 et
325 1616 358 1673 in
379 1616 456 1675 libro
480 1617 532 1691 qui
554 1614 714 1689 inscriptus
738 1618 784 1673 est
802 1614 892 1673 Notes
914 1632 967 1672 snr
984 1611 1112 1672 Antoine

93 1708 131 1765 de
155 1707 185 1764 ln
207 1704 276 1764 Sale
303 1704 359 1764 boc
386 1705 529 1763 iudicium
557 1705 741 1780 gravissimis
768 1704 950 1762 testimoniis
972 1702 1111 1762 firmavit.

93 1795 175 1854 Nam
201 1797 361 1870 postquam
387 1793 512 1852 Antonii
542 1794 681 1851 notitiam
713 1793 893 1868 scriptorum
920 1794 1112 1866 antiquorum

93 1884 255 1960 praecipue
277 1883 480 1942 Romanorum
502 1881 563 1940 iam
585 1883 618 1939 in
641 1881 745 1958 primis
769 1883 832 1941 eius
857 1880 941 1939 libris
964 1899 1112 1940 summam

94 1975 236 2032 exsistere
263 1973 282 2032 1.
297 1972 316 2031 l.
339 1963 502 2047 exposuit²‚
528 1971 639 2030 multos
662 1971 742 2030 locos
766 1990 802 2029 ex
823 1971 948 2030 Antonii
972 1969 1111 2045 operibus

93 2061 224 2137 profert,
255 2060 361 2137 quibus
384 2080 444 2119 non
467 2061 565 2119 solum
587 2060 665 2119 hunc
689 2061 848 2134 scriptores
871 2061 1020 2119 Romanos
1044 2059 1111 2118 dili-

95 2153 203 2228 genter
226 2152 256 2209 et
279 2153 415 2209 accurate
438 2150 545 2228 legisse
568 2149 766 2223 demonstrat,
789 2149 840 2207 sed
863 2149 955 2208 etiarn
977 2168 1012 2207 ea
1036 2167 1117 2231 quae

95 2239 221 2299 exiliis
252 2239 368 2314 profert
398 2242 478 2297 reete
510 2256 573 2296 esse
605 2238 725 2312 prolata
760 2237 876 2314 probat.
928 2237 993 2307 Qua
1020 2238 1052 2294 in
1079 2257 1111 2295 re

95 2328 199 2387 rideas
222 2346 299 2403 quae
323 2328 403 2386 dicat
427 2326 662 2402 Soederhjelmus
685 2326 704 2387 l.
719 2327 738 2384 l.
757 2347 786 2402 p.
803 2328 910 2402 63sq.,
932 2328 971 2385 77
984 2344 1040 2402 sq,
1060 2327 1111 2401 82,

97 2419 152 2491 89,
177 2418 227 2476 91.
273 2417 375 2492 Atque
397 2419 499 2476 nostra
522 2417 625 2493 magni
648 2418 772 2475 interest
795 2420 825 2474 et
847 2415 928 2491 apud
946 2415 1112 2473 Antonium

95 2508 219 2567 nomina
242 2507 333 2565 etiam
355 2506 483 2564 aliorum
505 2506 684 2580 scriptorum
706 2508 845 2580 corrupta
865 2505 1006 2578 inveniri,
1029 2504 1112 2563 velut

187 2729 214 2796 1)
231 2726 329 2796 Neque
347 2728 393 2781 bie
411 2727 577 2782 vetustiores
598 2727 756 2782 Aristotelis
775 2727 913 2782 editiones
932 2744 1002 2795 quas
1025 2728 1108 2796 inspi-

96 2815 159 2854 cere
185 2798 266 2867 potui
293 2797 380 2852 alium
407 2799 544 2868 praebent
571 2799 696 2867 capitum
723 2815 814 2866 neque
839 2816 951 2867 prorsus
976 2798 1111 2853 librorum

96 2886 251 2924 numerum.
288 2870 377 2923 Paulo
400 2872 495 2924 tamen
519 2869 586 2923 olim
610 2871 750 2924 diversum
773 2870 860 2925 fuisse
884 2886 947 2923 eum
970 2885 988 2922 a
1008 2873 1111 2924 nostris

95 2941 269 2995 editionibus
284 2941 367 2995 docet
375 2941 418 2994 vir
432 2942 530 2995 doctus
544 2941 681 2995 Jourdain
694 2943 724 2995 in
737 2941 809 2995 libro
825 2941 874 3009 qui
886 2941 1048 2996 inscribitur
1060 2943 1111 2996 Ge-

93 3013 210 3068 aebe'ebte
224 3013 273 3067 der
281 3013 493 3068 wntotdiscben
502 3013 640 3079 Sebriften
653 3015 692 3067 in
703 3014 874 3078 Mittelnlter,
887 3015 975 3068 albere.
985 3031 1009 3067 o.
1020 3015 1111 3079 Stabr,

96 3084 182 3139 Helle
198 3089 266 3137 1831
285 3102 312 3152 p.
330 3088 389 3137 190.
422 3083 513 3148 Quare
529 3086 689 3138 contextum
703 3084 820 3138 Antonii
839 3084 918 3136 utin
938 3083 1001 3138 aliis
1020 3086 1111 3150 rebus,

93 3154 138 3209 ita
157 3153 187 3208 in
205 3154 250 3208 his
269 3154 390 3209 numeris
409 3154 558 3208 afferendis
577 3157 738 3224 corruptum
761 3172 821 3210 esse
844 3155 915 3208 mihi
932 3155 1111 3210 verisimilius

94 3225 215 3280 videtur.
245 3225 374 3280 Ceterum
389 3226 424 3281 de
442 3225 492 3279 illo
507 3227 653 3295 proverbio
673 3226 767 3297 agitur
780 3227 810 3280 in
821 3225 941 3296 Corpore
955 3227 1112 3295 paroemio-

94 3297 267 3368 graphorum
286 3297 455 3352 Graecorum
474 3298 550 3366 quod
568 3298 717 3351 ediderunt
734 3298 854 3352 Leutsoh
874 3300 902 3351 11
917 3297 1112 3352 Schneidewin
1207 3349 1209 3353 ,

94 3367 188 3436 1213,
208 3373 274 3434 3633
292 3368 392 3422 11111.
484 3371 510 3437 1)
532 3367 723 3438 Scederbjelm
741 3371 826 3424 Notes
845 3388 872 3438 p.
888 3374 934 3422 18:
958 3371 990 3424 Il
1008 3377 1112 3424 nrontre

94 3441 143 3496 aa
169 3456 220 3495 aon
243 3441 361 3508 premier
387 3457 505 3511 onorcpe
527 3457 581 3494 nne
603 3442 799 3495 connaissance
822 3442 1004 3510 approfondie
1027 3439 1056 3494 d'
1071 3459 1112 3493 nn

93 3512 188 3583 prared
206 3513 315 3566 nombre
333 3512 477 3567 d’ontenra
495 3513 588 3566 latins.

149 3609 337 3658 suppression.
352 3610 609 3667 edKnoelliuger.
964 3601 987 3647 ἶ)
