2422 3856
140 139 188 204 64
455 95 488 194 n.
508 138 844 194 couuuumurouns

216 389 256 473 Β)
282 395 452 457 Ciceronem
475 397 608 456 Antonio
632 400 785 457 auctorem
806 399 898 458 fuisse
922 397 1086 476 colligitur.

230 522 319 582 Nunc
349 523 525 598 priusquam
556 521 638 595 inde,
671 523 749 597 quod
777 521 927 582 Antonius
960 520 995 581 de
1026 521 1057 581 la
1091 521 1160 581 Sale

137 610 304 671 sententias
328 630 396 671 suas
419 611 451 670 in
474 611 574 670 Tulli
601 611 678 670 libro
707 613 759 687 qui
787 612 864 671 esset
890 612 926 670 dc
948 611 1107 670 oirtotbos
1130 629 1160 670 se

140 700 248 778 legisse
273 693 416 775 affirmat,
444 721 511 759 eum
538 720 571 760 re
598 719 669 760 vera
695 701 751 760 tali
778 700 855 760 libro
878 719 966 759 usum
989 719 1053 761 esse
1077 699 1160 761 colli·

137 808 256 867 gamus,
275 789 475 864 quaerendum
493 789 578 849 nobis
598 792 651 864 est,
671 807 747 865 quae
767 792 807 848 sit
824 788 957 849 Antonio
975 788 1048 848 fides
1069 792 1160 866 atque

139 880 307 938 auotoritas
329 880 363 938 in
385 879 579 955 scriptoribus
604 879 736 955 antiquis
763 878 930 938 laudandis.
977 877 1077 947 Quare
1101 880 1161 956 pri·

138 988 223 1026 mum
247 967 283 1026 de
306 967 344 1026 iis
364 967 556 1042 scriptoribus
577 986 650 1044 quos
672 967 705 1026 in
726 969 783 1028 hoc
804 967 882 1027 libro
900 970 1020 1044 praeter
1038 967 1161 1034 Tullum

137 1057 228 1115 affert
252 1075 382 1134 agemus,
405 1056 510 1116 deinde
534 1076 569 1116 ea
591 1057 796 1132 tractabimus,
821 1076 896 1134 quae
920 1055 1160 1133 Soederhjelmus

141 1146 177 1204 de
201 1145 397 1222 scriptoribus
421 1146 552 1222 antiquis
576 1146 613 1206 ab
631 1145 764 1206 Antonio
784 1146 909 1224 cognitis
929 1146 1069 1222 exposuit
1093 1164 1161 1205 oum

137 1235 172 1293 in
191 1235 376 1311 ephemeride
396 1254 472 1311 quae
490 1235 665 1295 inscribitur
684 1234 845 1310 Oefoerso'ot
862 1236 901 1308 of
917 1235 1038 1293 Fiasleo
1060 1235 1160 1294 Veton-

136 1323 411 1398 sloops-Societeteos
438 1325 695 1398 Foorboadliooor·
720 1323 818 1383 XLVI
847 1325 901 1399 18,
928 1327 993 1383 tum
1021 1322 1055 1383 iu
1083 1324 1159 1383 libro

140 1414 194 1489 qui
225 1415 385 1490 inscriptus
416 1417 461 1473 est
490 1413 579 1472 Notos
606 1431 660 1473 sor
686 1410 813 1473 Aetolae
843 1415 879 1472 de
906 1413 937 1473 lo
963 1412 1032 1472 Sole
1061 1417 1089 1472 ct
1114 1430 1159 1472 ses

137 1520 263 1562 oeoores.

230 1591 370 1669 Agedum
392 1591 554 1651 videamus.
601 1589 684 1651 Dicit
706 1591 855 1652 Antonius
874 1593 904 1666 4,
920 1593 960 1651 28
981 1583 1049 1672 (16,
1068 1593 1109 1651 10
1124 1583 1157 1670 S)

137 1680 286 1740 'Senecam
313 1680 344 1738 in
373 1684 455 1740 sexto
478 1679 555 1741 libro
579 1680 614 1739 de
638 1680 788 1740 beneficiis
816 1681 984 1755 conscripto
1012 1683 1106 1756 atque
1127 1682 1156 1738 in

136 1771 240 1846 capite
263 1770 333 1828 XXI
357 1788 473 1829 censere
497 1789 613 1845 eorum,
641 1773 696 1846 qui
717 1773 750 1828 in
768 1787 897 1828 summos
925 1769 1023 1828 status
1047 1769 1157 1829 sublati

137 1861 215 1934 sint,
248 1859 325 1917 nihil
352 1859 446 1934 pluris
476 1859 618 1919 interesse
649 1879 740 1935 quam
770 1878 873 1918 verum
901 1858 974 1934 ipsis
1004 1857 1075 1918 dici.
1120 1856 1156 1916 st

139 1949 233 2007 talem
261 1950 440 2008 seutentiam
472 1950 575 2008 eodem
606 1949 667 2007 fere
700 1948 774 2022 loco,
807 1966 867 2023 quo
894 1945 1045 2006 Antonius
1077 1947 1154 2020 dicit,

135 2037 271 2097 'inveniri
295 2036 532 2114 Soederhjelmus
553 2037 714 2112 Oefoersiyt
735 2057 763 2113 p.
786 2038 826 2097 10
849 2038 929 2095 recte
957 2035 1033 2094 mibi
1062 2039 1154 2097 oston-

137 2127 219 2186 disse
255 2126 382 2185 videtur.
441 2127 524 2185 Dicit
569 2128 648 2185 enim
690 2126 801 2186 Seneca
841 2125 877 2184 de
913 2125 1010 2184 benef.
1033 2125 1080 2184 VI
1103 2125 1153 2185 33:

147 2217 247 2283 Vides,
281 2234 369 2288 qoam
400 2217 487 2289 facite
520 2219 560 2274 stt
587 2218 716 2288 pretioso
752 2216 861 2287 referre
897 2215 1031 2288 felicibus
1069 2219 1096 2274 et
1124 2216 1154 2272 io

136 2321 253 2364 summo
282 2306 480 2364 lrwmooarom
511 2322 599 2378 opwm
625 2307 738 2378 positis
793 2304 852 2363 De'o
882 2305 955 2372 illis,
987 2321 1049 2362 oon
1081 2303 1154 2378 qood

140 2395 242 2451 voluat
272 2395 385 2461 audire,
416 2395 466 2452 scd
498 2395 575 2466 quod
606 2394 725 2452 audisse
757 2410 869 2466 semper
899 2394 1002 2451 uolent.
1048 2393 1154 2452 Panos

138 2499 230 2542 coros
245 2483 463 2541 adulationibus
481 2483 641 2556 aliquando
660 2500 730 2540 coro
752 2499 808 2540 coc
825 2484 926 2540 intret:
946 2481 987 2541 do
1005 2483 1155 2541 consitium

140 2573 219 2631 utile.
266 2570 334 2630 Sive
358 2574 512 2630 contextus
540 2573 641 2630 noster
667 2572 698 2629 in
728 2570 874 2630 afferendo
898 2570 1006 2647 capitis
1034 2587 1153 2628 numero

140 2661 265 2737 paulum
288 2663 444 2735 corruptus
468 2663 525 2734 est,
554 2660 634 2736 quod
660 2679 730 2719 vero
758 2661 880 2735 propius
909 2662 962 2733 sit,
992 2659 1055 2718 sive
1083 2658 1154 2717 liber

140 2750 179 2808 ab
216 2748 348 2808 Antonio
385 2749 536 2809 adbibitus
574 2749 666 2808 aliam
701 2748 807 2808 habuit
847 2749 980 2824 capitum
1016 2747 1153 2808 distribu-

137 2831 281 2916 tionem¹,
304 2839 382 2897 hunc
405 2840 504 2898 locum
523 2838 560 2898 ab
578 2840 710 2898 Antonio
730 2841 898 2914 spectatum
917 2855 980 2896 esse
1002 2855 1070 2895 cum
1089 2835 1153 2895 Soe-

138 2928 306 3004 derhjelmo
326 2945 438 2987 censeo.
470 2928 561 2986 Adice
575 2929 655 3003 quod
670 2930 774 2987 auctor
787 2929 888 2986 noster
902 2925 994 3003 paulo
1012 2929 1084 3001 post
1098 2927 1152 3000 6,1

139 3012 210 3098 (16,
236 3017 275 3074 15
301 3008 335 3098 S)
365 3017 542 3076 sententiam
575 3017 661 3075 affert
688 3035 722 3075 ex
749 3017 898 3076 Politicis:
931 3034 967 3074 eo
992 3015 1154 3074 Pollitio-

142 3124 225 3180 quos
253 3123 291 3164 oo
319 3108 388 3164 tiers
417 3109 488 3165 ltere
512 3111 596 3165 otoo
622 3107 668 3164 X‘
691 3106 838 3179 circatore,
867 3107 915 3163 oui
942 3103 1072 3164 similem
1095 3121 1155 3162 sen·

233 3297 258 3362 1)
277 3293 478 3348 Vetustissima
497 3293 612 3360 quidem
626 3293 746 3347 Senecae
765 3292 862 3360 editio,
881 3291 1042 3361 quaemihi
1060 3290 1091 3345 in
1104 3289 1156 3344 hac

141 3364 314 3420 bibliothece
333 3364 459 3419 dissensi
483 3367 596 3433 praesto
615 3364 671 3418 fuit
694 3367 723 3419 et
742 3365 845 3418 emissa
868 3366 912 3418 est
930 3362 1059 3419 Venetiis
1080 3366 1156 3425 1490,

137 3436 297 3575 2232?
320 3436 407 3491 habet
430 3435 556 3504 capitum
580 3435 808 3490 distributionem
827 3436 912 3503 atque
934 3433 1003 3488 libri
1021 3432 1156 3490 nostratis
