2422 3856
303 149 327 199 6.
346 142 395 196 DE
413 141 648 197 FRAGMENTIS
668 141 905 197 COLLIGENDIS
1069 143 1114 206 73

94 296 152 355 hoe
175 296 387 355 oommentario
411 293 621 354 eonferendum
644 295 702 367 est,
730 292 810 368 quod
836 295 869 352 in
896 293 950 352 illo
974 294 1052 353 libro
1076 295 1117 353 de

96 385 144 444 off.
163 384 179 443 Ι
200 385 240 444 93
260 403 324 461 sqq.
353 384 472 462 singula
498 384 672 459 praeoepta,
700 401 758 458 qua
785 385 868 442 veste
896 384 936 442 sit
959 384 1112 457 utendum,

95 493 154 551 quo
182 475 318 551 ingressu
346 475 410 532 sim.
436 473 584 531 ducuntur
616 491 651 530 ex
678 473 790 530 viitute
822 472 1002 548 honestatis,
1034 491 1117 549 quae

94 565 135 622 sit
167 581 260 638 genus
294 564 519 639 temperantiae.
573 561 698 620 Rectam
734 579 805 621 vero
843 563 991 621 actionem
1022 560 1112 622 finem

94 652 315 728 philosophiae,
344 671 414 728 ergo
437 652 530 710 etiam
551 650 673 710 virtutis
697 669 759 710 esse
783 649 885 710 Cicero
909 651 1013 710 multis
1038 651 1114 710 loeis

95 740 197 815 edixit,
220 761 247 800 v.
263 758 285 798 o
306 740 508 814 deoff.,119
529 741 660 815 152sq.,
684 738 786 798 defin.
800 739 914 799 11155.
952 740 1117 799 simillimo

95 830 190 908 igitur
212 829 300 889 modo
324 830 425 888 ethio
451 831 611 905 praecepta
639 847 673 887 ex
701 828 826 906 singulis
853 828 1015 889 virtutibus
1043 829 1118 887 duei

94 918 243 1021 intellegit
244 939 288 977 ur
334 919 404 977 Et
396 937 460 977 rure
483 917 603 994 quidem
626 890 691 977 viro
715 916 802 976 dooto
822 916 997 978 Gustafsson
1021 919 1115 979 offen-

95 1009 173 1067 sioni
196 1000 279 1067 erat1
301 1008 460 1068 nonnullas
477 1008 586 1067 harum
604 1026 704 1065 rerum
721 1008 848 1065 virtutes
869 1009 991 1067 minime
1009 1010 1112 1067 vocari

93 1115 188 1172 posse.
234 1097 339 1172 Neque
366 1098 437 1156 sunt
464 1097 604 1168 virtutes,
637 1114 711 1170 quas
738 1095 888 1156 Antonius
916 1089 1029 1171 affert²,
1060 1097 1113 1156 sed

95 1187 227 1245 actiones
255 1204 274 1244 a
301 1187 413 1246 vntute
440 1185 539 1244 iussae
567 1187 598 1243 et
620 1204 674 1260 per
695 1188 856 1260 praesepta
879 1185 1115 1246 commendatae.

94 1273 181 1344 Quod
200 1274 354 1334 autemde
371 1274 557 1350 principibus
575 1276 622 1333 tot
639 1273 730 1332 verba
747 1274 834 1347 fiunt,
852 1294 911 1333 non
931 1277 976 1335 est
993 1276 1116 1333 mirum..

93 1364 175 1423 Nam
197 1383 264 1423 eum
286 1363 405 1424 iustitia
431 1365 559 1422 maxime
586 1363 694 1421 reatori
721 1364 766 1421 rei
792 1363 929 1439 publicae
957 1382 1031 1441 opus
1063 1367 1118 1437 sit,

93 1453 143 1512 hie
169 1453 306 1528 pluribus
333 1453 432 1512 verbis
463 1454 496 1511 in
529 1451 705 1527 explicanda
732 1452 785 1509 illa
812 1453 924 1512 virtute
955 1454 1114 1513 tractatur.
1144 1501 1148 1508 .

94 1542 231 1601 Eandem
253 1543 315 1601 fere
338 1542 516 1601 sententiam
540 1540 642 1600 Cicero
665 1541 793 1617 protulit
817 1541 852 1599 de
879 1561 911 1601 re
939 1562 967 1618 p.
986 1542 1002 1601 Ι
1021 1545 1039 1600 2
1064 1543 1118 1602 his

93 1631 206 1691 verbis:
243 1632 305 1691 Neo
331 1649 397 1690 uero
427 1632 532 1690 bebere
559 1632 694 1688 virtutem
721 1632 794 1689 sotis
822 1635 875 1700 est,
907 1634 993 1705 quasi
1020 1635 1112 1690 ortem

93 1723 235 1795 ulmeam,
259 1723 319 1779 ero
337 1724 429 1778 aiore.
459 1720 560 1778 Virtus
577 1721 611 1778 e'o
629 1737 686 1778 ose
704 1721 752 1778 sui
770 1724 829 1778 toto
841 1723 942 1794 posito
961 1725 1016 1791 eet·
1039 1737 1116 1779 osus

94 1815 193 1868 erebro
217 1812 279 1868 uos
298 1813 339 1868 est
355 1810 503 1868 inarimos
521 1811 648 1868 civitatis
663 1810 843 1883 puberoote‘o.
889 1807 987 1878 Quare
1005 1812 1038 1868 in
1055 1809 1117 1868 hoo

92 1898 171 1957 libro
193 1900 343 1958 iustitiam
367 1918 384 1956 a
403 1896 545 1957 Cicerone
567 1899 665 1973 primo
688 1899 754 1957 loeo
773 1898 922 1975 agitatam
944 1917 1006 1959 esse
1029 1901 1116 1974 puto,

94 1987 224 2064 quodie
251 1988 282 2045 in
311 1988 426 2064 agendo
452 1986 613 2046 seeundum
636 1987 804 2046 Stoicorum
832 1987 998 2048 doctrinam
1025 1989 1116 2047 iusti-

92 2078 170 2136 tiam
193 2079 299 2135 oeteris
322 2075 483 2136 virtutibus
507 2067 713 2152 praetulerit.3
758 2074 891 2145 Quocum
915 2080 1026 2152 optime
1050 2078 1114 2134 An-

93 2165 171 2225 tonii
207 2165 299 2225 verba
335 2167 511 2242 congruunt.
566 2164 621 2224 Ille
659 2164 737 2224 enim
778 2165 824 2225 bis
862 2166 942 2224 Tulli
979 2165 1111 2242 capitum

95 2273 234 2314 numeros
266 2256 381 2329 affert„
400 2274 467 2314 eum
497 2253 571 2313 dioit
596 2255 651 2327 18,
667 2256 707 2313 23
732 2246 803 2335 (20,
824 2256 866 2314 40
886 2247 920 2336 S)
951 2256 1049 2314 Tralles
1077 2273 1117 2314 ere

94 2362 149 2403 sore
167 2346 211 2403 dit
228 2345 301 2404 ltere
318 2345 366 2403 De
384 2344 539 2404 virtutibus
559 2348 585 2402 et
607 2362 647 2403 oo
668 2343 746 2402 VII‘
769 2345 929 2418 oboppiltre
951 2347 982 2404 et
1001 2345 1053 2418 32,
1069 2345 1111 2403 28

95 2426 161 2515 (26,
178 2435 197 2491 4
214 2426 248 2515 S)
273 2434 372 2493 Tulles
390 2451 425 2492 eo
443 2434 469 2493 le
487 2436 632 2493 aoeiesme
655 2434 814 2507 eboppiltre
837 2435 872 2492 de
894 2450 947 2492 soe
970 2434 1013 2493 elit
1030 2434 1116 2492 liure.

94 2522 202 2598 Itaque
225 2526 251 2583 si
273 2523 372 2582 media
394 2523 456 2581 fere
474 2540 544 2598 pars
564 2521 698 2582 iustitiae
718 2522 815 2597 eapite
834 2521 960 2598 septimo
979 2523 1116 2583 contine-

94 2611 193 2686 batur,
220 2631 280 2669 non
307 2611 403 2670 multa
427 2616 516 2670 antea
538 2610 619 2670 diota
641 2611 733 2670 fuisse
755 2630 810 2686 pro
834 2615 913 2670 certo
940 2611 1114 2670 habendum

94 2704 153 2775 est,
185 2719 281 2777 neque
308 2700 403 2778 igitur
430 2700 490 2759 alia
512 2700 608 2759 virtus
637 2703 726 2759 antea
753 2702 884 2759 tractata
908 2703 981 2760 erat.
1026 2700 1111 2759 Idem

95 2789 187 2850 verba
206 2790 232 2849 te
246 2793 377 2863 premier
395 2790 469 2848 liare
487 2790 515 2864 6,
531 2790 550 2847 8
570 2781 638 2870 (16,
654 2791 693 2848 21
707 2781 741 2868 S)
765 2789 933 2866 significare
951 2790 1113 2850 verisimile

95 2882 153 2939 est:
181 2898 287 2954 nempe
310 2878 398 2938 initio
421 2878 499 2937 libri.
526 2910 564 2919 —
590 2878 726 2953 Denique
753 2897 820 2936 eum
848 2879 1058 2938 altereationes
1082 2882 1113 2937 et

96 2967 346 3045 interrogationes
369 2968 401 3025 in
419 2967 545 3026 Antonii
563 2985 669 3026 vocum
689 2969 829 3026 contextu
847 2985 934 3044 saepe
957 2970 1115 3028 invenian-

95 3050 173 3132 tnr‘,
200 3057 445 3116 commentarium
472 3056 559 3115 illum
585 3055 739 3134 dialogum
762 3056 853 3116 fuisse
880 3056 1035 3133 probabile
1058 3061 1113 3116 est.

186 3230 212 3297 1)
186 3228 279 3296 pr
278 3228 344 3281 bW.
361 3230 430 3279 1904
448 3244 475 3295 p
492 3231 569 3279 1277.
679 3228 705 3294 2)
724 3225 823 3295 Neque
840 3226 981 3280 Antonius
1000 3243 1048 3280 eas
1067 3244 1112 3281 res

93 3298 250 3354 nominavit
256 3245 404 3363 pvirtutes,
427 3297 477 3351 sed
499 3314 544 3351 res
568 3295 717 3365 ospitales:
746 3298 836 3352 choses
857 3300 1080 3365 oenomelum,
1095 3304 1112 3350 6

94 3374 149 3440 (15,
163 3370 228 3440 35).
301 3368 428 3440 3)Quod
448 3385 577 3437 suprap
593 3373 673 3436 ttsq.
693 3368 874 3423 ostendimus.
910 3369 1007 3423 Alium
1024 3369 1113 3423 habet

95 3441 191 3497 (lieero
215 3440 342 3496 ordinem
360 3441 498 3494 virtutum
521 3439 583 3493 de
574 3456 630 3493 mv.
644 3439 670 3492 H
689 3445 753 3507 160,
781 3440 831 3494 ubi
856 3457 911 3495 non
941 3440 975 3494 de
1000 3441 1112 3496 actione

96 3513 218 3569 diesem
298 3517 325 3584 1)
344 3518 415 3578 1,14
430 3509 581 3582 (15,31S);
600 3511 839 3581 1131111101,
856 3517 946 3577 reae
959 3512 1125 3579 quaeat,
