2422 3856
90 147 134 210 54
401 149 434 204 H.
454 146 793 204 COMMENTATIONES

90 301 150 357 eim
183 302 209 357 et
237 300 271 357 ta
298 299 355 357 tela
387 304 440 359 out
470 300 618 359 latronum
650 304 702 358 aret
731 300 918 358 innumerum
948 300 1109 368 incidisset,

90 389 203 446 omnis
239 389 383 447 honeste
424 392 517 448 ratio
556 393 643 447 esset
685 388 923 462 expediendae
964 390 1107 448 salutis.

161 479 364 550 persapienter
387 482 412 536 et
435 479 561 552 quodam
583 479 667 536 aneo
691 479 774 536 tacite
797 477 849 536 dat
870 480 938 549 ipsc
961 478 1008 537 lec
1026 483 1108 551 pote-

90 571 192 625 stctem
220 566 401 639 defendendi.
451 568 520 626 Tali
545 569 640 644 igitur
667 565 755 625 modo
782 566 867 624 illam
893 567 992 643 legem
1019 567 1108 626 intel-

90 655 248 732 legendam
271 673 332 714 esse
355 649 452 731 puto.¹

181 742 293 813 Quibus
321 747 463 820 expositis
490 744 620 804 breviter
648 745 740 802 velim
769 763 884 804 mecum
912 745 1013 804 animo
1043 763 1108 820 per·

90 835 212 907 lustres,
243 853 319 909 quae
343 833 437 892 adhue
461 835 563 892 effecta
587 835 654 892 sint.
700 833 800 892 Pauca
821 832 907 892 nobis
935 835 970 892 ut
992 835 1110 894 incerta

91 923 238 981 mittenda
253 925 351 998 erant,
371 942 405 982 ex
419 923 457 982 iis
472 925 577 986 autem
587 942 663 998 quae
677 922 924 998 relinquebantur
941 924 1109 998 permultas

91 1029 137 1071 res
165 1011 314 1070 Romanas
343 1012 380 1069 ab
408 1011 540 1071 Antonio
572 1011 690 1070 laudari
722 1013 928 1089 cognorimus,
961 1030 1038 1089 quas
1065 1014 1110 1072 ita

92 1100 233 1160 accidisse
255 1121 355 1159 rerum
377 1101 578 1160 Romanarum
602 1103 760 1176 scriptores
788 1102 946 1159 testantur.
994 1100 1110 1170 Quibus

91 1189 241 1249 Antonius
274 1193 327 1249 aut
356 1190 462 1249 Tullus
493 1189 619 1248 Antonii
651 1193 756 1249 auctor
785 1190 881 1248 multa
912 1191 944 1247 in
982 1190 1109 1268 singulis

91 1279 178 1338 rebus
211 1277 340 1353 addidit,
373 1298 451 1355 quae
478 1278 549 1340 ficta
576 1297 638 1339 esse
670 1281 791 1337 minime
821 1279 974 1352 videntur,
1005 1281 1053 1338 ita
1076 1282 1109 1337 ut

93 1367 129 1426 ab
144 1368 197 1427 illo
217 1370 391 1444 scriptorem
404 1368 560 1444 quendam,
579 1387 668 1444 quom
681 1385 810 1427 noanon
827 1367 979 1441 habemus,
997 1369 1109 1428 lectum

92 1475 156 1516 esse
188 1458 250 1515 iam
280 1459 342 1516 iam
373 1457 463 1516 liceat
490 1457 614 1533 opinari.
660 1457 700 1514 Et
728 1475 795 1515 cum
827 1457 928 1515 omnia
954 1457 1011 1515 illa
1040 1461 1129 1518 ante.

91 1546 203 1604 Iulium
228 1545 383 1606 Gaesarem
411 1549 463 1605 aut
491 1548 555 1625 eius
583 1564 655 1604 aevo
683 1546 765 1605 faeta
792 1547 873 1620 sint,
893 1545 1012 1604 nullum
1040 1566 1109 1606 vero

93 1636 235 1694 afferatur
257 1635 424 1710 exemplum
445 1635 525 1710 quod
545 1634 705 1694 Caesarum
722 1633 942 1710 Imperatorum
960 1635 1108 1694 Romano-

92 1744 158 1782 rum
180 1727 314 1799 tempore
338 1724 447 1783 accidit
468 1742 565 1799 neque
592 1742 676 1801 reges
700 1726 753 1782 aut
774 1723 923 1800 principes
952 1724 1109 1784 christiani

92 1813 264 1888 laudentur,
296 1813 382 1872 illum
411 1815 560 1872 auctorem
591 1832 678 1889 quem
705 1830 736 1870 se
768 1812 930 1872 exscribere
958 1812 1108 1873 Antonius

93 1901 246 1962 contendit
274 1904 397 1960 exeunte
425 1901 520 1960 libera
546 1922 578 1960 re
606 1902 727 1977 publica
754 1902 889 1961 Romana
920 1901 1014 1961 fuisse
1044 1921 1108 1962 oon-

93 1991 270 2048 cludendum
293 1993 346 2050 est.

571 2184 590 2262 ξ
608 2182 631 2244 4

182 2321 362 2408 Vestigia
386 2322 585 2388 doctrinae
610 2322 826 2388 Stoicorum
851 2322 1022 2388 inveniri

486 2430 715 2494 ostenditur.

184 2559 216 2618 Si
243 2559 367 2637 Pompei
395 2562 424 2618 et
452 2557 587 2619 Caesaris
615 2560 797 2634 temporibus
827 2563 930 2620 auctor
958 2561 1108 2621 Romanus

94 2647 241 2708 scribebat
268 2648 303 2706 de
326 2648 500 2723 virtutibus,
530 2649 567 2707 ad
595 2647 774 2708 Graecorum
801 2649 984 2724 exemplaria
1011 2668 1108 2711 neccs-

94 2739 173 2797 sam'o
201 2737 371 2797 ducebatur.
416 2737 523 2814 Itaque
555 2757 633 2797 nuno
666 2757 858 2814 quaeramus,
894 2757 993 2798 nonne
1031 2738 1108 2815 apud

93 2826 258 2886 Antonium
285 2829 473 2902 reperiantur
499 2829 626 2905 vestigia
653 2827 859 2903 philosophiae
884 2825 1024 2888 Graecae.
1070 2829 1109 2887 llt

94 2936 163 2974 cum
195 2916 231 2975 de
263 2919 373 2974 virtute
406 2935 477 2992 prae
510 2917 614 2974 ceteris
650 2917 896 2992 philosophorum
928 2914 1107 2978 Graecorum

94 3007 182 3065 sectis
211 3008 326 3083 egerint
355 3005 462 3079 Stoici,
489 3007 636 3082 imprimis
665 3005 805 3066 adeamus
834 3005 1002 3065 Stoicorum
1030 3008 1108 3066 fra-

94 3096 194 3153 menta
209 3112 286 3170 quae
302 3095 423 3172 collegit
437 3093 464 3153 J.
480 3093 517 3152 ab
531 3094 638 3152 Arnim
657 3087 769 3175 (Ι-ΙΠ
782 3095 906 3169 Lipsiae
917 3027 1107 3177 1903—055.

182 3184 227 3242 Ac
242 3185 369 3258 primum
386 3183 506 3260 quidem
521 3204 583 3243 rem
602 3186 635 3241 in
648 3184 818 3242 universum
832 3186 1003 3244 tractemus.
1035 3183 1109 3244 Cum

94 3273 126 3330 in
150 3274 243 3331 altero
266 3273 392 3332 Antonii
417 3273 494 3332 libro
519 3273 552 3347 6,
569 3277 607 3331 11
621 3292 683 3349 sqq.
704 3264 775 3353 (16,
797 3275 836 3332 23
848 3292 910 3349 sqq.
931 3266 967 3355 S)
991 3275 1109 3334 imum

185 3444 210 3511 1)
233 3441 267 3496 V.
286 3442 392 3509 Hirael,
416 3439 557 3511 Ἆγραφος
576 3440 672 3510 νόμος,
696 3443 919 3514 Athonaluapeo
941 3443 991 3498 der
1009 3445 1107 3500 auxta

89 3512 152 3565 Gen.
169 3513 221 3567 der
235 3513 394 3570 Wesseneet.
411 3513 510 3567 XLVII
530 3519 597 3568 1903
617 3513 692 3568 Nr.1
711 3533 739 3583 p.
754 3520 797 3568 26.
1057 3559 1060 3564 .
