2422 3856
136 146 181 209 46
449 146 484 201 Π.
504 144 841 202 COMMENTATIONES

137 297 284 358 addidisse
318 298 525 374 accipiendum
562 302 620 374 est,
656 300 736 374 quod
767 297 842 356 mihi
871 298 969 356 minus
1001 297 1158 374 probabile

136 381 282 447 videtur¹.
328 387 430 463 Atque
452 387 526 446 haec
550 388 670 464 quidem
692 388 844 447 hactenus.

226 475 322 535 Venio
343 477 382 535 ad
399 475 588 554 Pegasum,
607 497 696 552 quem
711 475 970 536 mansuetudinem
988 477 1159 552 principum

138 564 219 639 apud
243 583 343 624 omnes
368 565 585 625 celebratmum
608 583 671 625 esse
694 567 822 642 scriptor
848 567 899 642 14,
915 565 955 624 25
981 557 1049 647 (19,
1065 567 1105 624 27
1123 560 1159 648 S)

137 654 218 713 dicit.
264 653 353 713 Hunc
381 654 418 713 ab
447 654 579 714 Antonio
608 656 754 732 originem
781 655 886 713 ducere
913 655 1077 713 verisimile
1105 658 1158 714 est.

136 743 215 801 Nam
246 762 429 818 quamquam
457 743 538 820 apud
561 742 732 804 Ciceronem
762 762 817 820 pro
846 743 964 813 Quinct.
989 744 1031 802 80
1059 746 1160 803 nuntii

138 832 245 891 celeres
260 831 373 909 Pegaso
393 835 605 908 comparantur
623 836 654 892 et
672 833 778 892 similis
795 832 914 892 videtur
932 833 1016 892 locus
1036 833 1158 910 quidam

139 919 252 979 Catulli
276 923 328 997 55,
348 924 389 980 24
419 914 493 1002 (nen
516 925 543 981 si
565 923 691 998 Pepasee
713 923 797 995 ferar
819 914 946 1004 uolatu),
973 925 1077 981 tamen
1099 924 1159 982 eir·

139 1014 211 1069 tutes
234 1011 396 1070 Persarum
424 1016 450 1071 et
471 1011 607 1071 Hectoris
634 1011 760 1070 Antonii
788 1030 895 1070 aevum
921 1011 1056 1071 redolere
1084 1011 1160 1070 mihi

139 1098 259 1174 quidam
285 1098 432 1159 videntur.
479 1099 564 1159 Adde
589 1100 668 1176 quod
692 1099 928 1176 Soederhjelmus
953 1089 1043 1159 Notis
1066 1120 1095 1177 p.
1117 1102 1158 1159 98

137 1188 192 1246 hoo
215 1207 323 1247 nomen
342 1189 379 1247 ab
397 1189 529 1248 Antonio
548 1191 580 1247 in
600 1190 658 1249 alio
678 1208 766 1266 opere
783 1208 838 1265 per
855 1189 981 1249 similem
999 1188 1159 1248 verborum

138 1277 402 1337 conformationem
417 1278 573 1338 laudatum
593 1297 655 1338 esse
674 1297 728 1337 nos
747 1278 840 1337 docet.
873 1276 959 1337 Unde
972 1297 1158 1355 quamquam

138 1365 284 1442 Pegasum
304 1367 432 1426 Antonii
450 1385 513 1427 esse
536 1368 624 1428 certis
646 1368 830 1445 argumentis
849 1366 954 1426 confici
970 1385 1031 1426 non
1049 1370 1160 1443 potest,

138 1458 240 1514 tamen
263 1457 387 1531 propius
410 1457 448 1514 ad
471 1476 574 1516 verum
600 1457 775 1516 accedamus
800 1458 951 1515 censentes
979 1458 1159 1515 sententiam

139 1544 177 1602 ab
206 1545 259 1603 illo
291 1545 383 1603 etiam
405 1546 438 1604 in
466 1565 554 1622 opere
585 1546 665 1622 quod
692 1565 753 1604 non
781 1565 815 1604 ex
839 1544 927 1604 Tullo
954 1545 1065 1621 pendet
1091 1563 1159 1622 pro-

138 1633 233 1692 latam
255 1633 381 1694 Antonii
404 1635 504 1711 potius
528 1653 590 1694 esse
615 1653 705 1711 quam
729 1635 817 1696 Tulli.

227 1723 293 1781 Iam
321 1742 388 1782 cum
416 1723 452 1782 de
478 1724 651 1783 Marcello
680 1726 810 1801 agimus,
839 1723 983 1782 habemus
1012 1722 1066 1781 ubi
1088 1743 1159 1783 oon·

138 1813 287 1870 sistamus.
325 1811 408 1870 Dicit
426 1812 575 1873 Antonius
605 1816 656 1888 20,
672 1815 712 1872 27
735 1805 803 1893 (21,
818 1814 859 1871 30
875 1804 909 1892 S)
934 1832 954 1871 a
970 1812 1059 1871 Tullo
1078 1812 1160 1871 tradi

139 1900 280 1960 Marcello
309 1901 426 1976 aliquid
453 1903 540 1976 mali,
573 1921 640 1961 cum
667 1903 780 1979 populo
807 1902 956 1960 tributum
982 1902 1160 1977 imponeret,

140 1989 289 2048 accidisse.
337 1989 392 2048 Oui
414 2010 484 2050 vero
507 1991 556 2050 hie
579 2011 639 2050 non
661 1993 694 2050 in
720 1994 851 2050 mentem
873 1991 957 2050 venit
982 1991 1159 2066 praeclaris·

140 2077 208 2137 simi
238 2079 319 2138 illius
346 2079 482 2139 Marcelli
513 2083 565 2156 qui
593 2099 670 2138 anno
699 2099 724 2139 a.
750 2079 816 2139 Chr.
845 2100 873 2139 n.
899 2082 961 2138 212
992 2078 1160 2156 Syracusas

142 2166 346 2246 expugnavit?
391 2169 432 2227 llt
463 2171 529 2228 iure
561 2169 689 2245 quidem.
744 2168 884 2247 Legimus
921 2169 1000 2227 enim
1038 2169 1073 2227 dc
1105 2169 1160 2228 illo

140 2255 220 2332 apud
246 2255 366 2315 Livium
393 2258 495 2332 plura,
528 2277 653 2333 quorum
684 2261 788 2318 nostra
814 2259 951 2333 interest,
978 2257 1078 2316 XXVI
1103 2259 1160 2318 35:

24 2345 30 2355 '
140 2345 255 2418 Scripta
279 2349 405 2405 euereitu
428 2347 463 2407 de
485 2349 628 2421 remiqwm
649 2349 847 2422 supplemento
875 2349 1096 2422 1911111111,ο
1126 2349 1161 2407 in

139 2453 229 2508 quam
255 2452 317 2494 rem
345 2453 410 2495 eum
437 2454 529 2510 neque
554 2437 704 2495 hominum
726 2439 808 2506 satis,
835 2455 896 2506 nec,
924 2454 958 2494 en
986 2454 1045 2510 qua
1062 2454 1161 2510 para·

139 2529 241 2582 rentur
277 2525 509 2599 stipendiumque
546 2529 720 2599 acciperent,
751 2529 897 2599 pecuniae
932 2527 1088 2599 quicquam
1126 2543 1161 2585 ea

45 2607 47 2613 ’
140 2617 303 2686 tempestate
325 2615 359 2672 in
375 2615 494 2688 publico
518 2619 602 2683 esset,
631 2615 783 2674 ediderunt
805 2615 948 2683 cumules,
975 2617 1009 2672 ut
1025 2607 1162 2687 priuati²

140 2720 175 2760 ca
202 2719 289 2761 ceusu
319 2703 539 2778 ordinibusque,
571 2707 646 2763 sicut
675 2709 775 2772 antea,
807 2707 929 2779 remipes
959 2703 1064 2762 darent
1093 2721 1162 2764 oum

140 2792 282 2864 stipendio
301 2793 476 2866 cibariisque
495 2794 610 2852 dierum
628 2795 757 2867 triqinta.
785 2791 836 2852 Ad
848 2794 880 2851 id
894 2793 1018 2852 edictum
1037 2797 1162 2852 tantus

139 2881 305 2952 fremitus
323 2881 512 2951 hominum,
533 2886 633 2941 tanta
651 2883 856 2955 iudipnatio
874 2884 958 2956 fuit,
972 2885 1010 2940 ut
1026 2875 1162 2957 maqis³

141 2970 210 3028 dun
229 2988 332 3043 quam
349 2973 501 3030 materia
518 2972 689 3030 seditioni
707 2972 855 3031 deesset:
872 2970 1032 3030 secuudum
1045 2969 1162 3030 Sindos

143 3058 364 3132 Campanosque
381 3061 496 3134 plebem
520 3061 689 3119 Romanam
707 3060 891 3134 perdendam
914 3060 1162 3136 lacerandamque

139 3149 197 3207 sibi
224 3148 355 3207 eonsules
382 3152 549 3223 sumpsisse.
595 3149 652 3208 Per
682 3154 721 3208 tet
748 3167 841 3209 annos
868 3150 978 3208 tributa
1006 3150 1162 3209 calaustcs

140 3238 215 3296 nihil
233 3238 340 3310 reliqui
352 3243 472 3311 praeter
490 3243 599 3298 terram
617 3239 730 3297 nudam
749 3256 784 3297 ac
800 3243 915 3297 castam
932 3239 1046 3298 habere.
1072 3239 1162 3298 Tecta

139 3328 232 3385 hostes
262 3328 438 3397 incendisse,
467 3345 565 3387 seruos
595 3331 661 3403 apri
690 3329 812 3388 cultores
839 3344 901 3387 rem
925 3326 1080 3400 publicam
1110 3328 1162 3388 ab-

230 3470 256 3536 1)
270 3469 309 3523 At
322 3488 346 3523 v.
357 3486 429 3538 quaa
440 3470 517 3524 dicat
532 3469 756 3539 Soederhjelmus
769 3470 854 3525 Netes
867 3487 894 3538 p.
907 3475 940 3523 16
951 3486 991 3538 sq.
1062 3473 1089 3540 2)
1103 3470 1161 3540 pri-

130 3539 404 3596 11111111111531
428 3541 565 3613 privatim
576 3543 744 3611 P(uteanus)
783 3544 809 3612 3)
818 3541 910 3610 magis
919 3542 1034 3596 editores
1043 3543 1164 3612 mageP
