2422 3856
393 141 490 194 nlssRu
508 139 557 193 DE
575 139 795 194 VIRTUTIBUS

249 291 388 366 viderint,
412 311 488 367 quaa
506 293 682 369 acceperint,
706 311 782 368 qnae
806 292 1007 370 expenderint,
1031 312 1109 369 quae

249 380 393 456 habeant3
422 381 474 440 sed
496 399 563 440 cum
585 383 717 441 rationes
744 382 927 458 postulaturi
955 383 1028 457 sint,
1058 401 1110 442 eos

249 471 421 530 inhonestos
444 488 507 530 esse
531 469 653 530 dicetur.
700 469 786 539 Quod
811 489 845 530 eo
868 470 915 546 fit,
944 470 1026 548 quod
1047 491 1109 530 non

249 562 309 618 iam
333 561 458 620 suntin
481 559 604 619 civitate
626 559 698 618 iusti
721 563 752 619 et
774 561 946 620 innocentes
968 560 1017 618 illi
1040 562 1109 636 viri,

250 647 417 724 Fabricius,
446 646 602 722 Camillus,
630 648 747 708 Marcus
774 649 919 726 Regulus,
952 651 1110 726 praetores

250 736 512 812 LuciusValerius,
527 737 692 812 Quinctius,
708 736 861 798 Cornelius
872 737 981 815 Scipio,
996 738 1110 798 Brutus

252 826 363 902 aliique
377 827 473 885 multi.
507 825 564 895 Qui
580 845 680 886 omnes
696 826 777 886 domi
791 827 975 902 militiaeque
991 846 1110 887 summa

250 917 347 992 gloria
366 916 504 974 vixerimt
527 919 557 975 et
574 918 732 991 tantopere
755 919 889 976 amantes
907 916 1110 992 reipublicae

250 1004 400 1078 urebant,
418 1007 502 1063 utin
521 1008 699 1081 paupertate
717 1005 818 1064 vivere
837 1009 868 1065 et
887 1007 964 1065 mori
982 1007 1111 1065 mallent

251 1112 342 1170 quam
365 1095 577 1153 conscientiam
601 1112 685 1153 suam
707 1096 873 1171 ignominia
896 1095 1110 1154 contaminare.

251 1183 309 1242 Sed
332 1184 474 1259 quoniam
496 1182 555 1242 viri
577 1185 641 1241 tam
663 1183 839 1254 excellentes
862 1202 941 1242 nunc
962 1185 1041 1243 nulli
1062 1185 1111 1244 vel

250 1274 393 1348 perpauci
420 1275 502 1346 sunt,
535 1290 598 1346 eos,
631 1275 683 1348 qui
711 1271 757 1331 his
785 1273 868 1332 vitiis
897 1273 1001 1332 infecti
1029 1277 1112 1347 sunt,

251 1361 372 1420 difficile
395 1364 441 1421 est
464 1361 656 1437 compellare,
683 1361 742 1421 nisi
766 1362 889 1421 casola
914 1363 1048 1438 ratione,
1075 1365 1113 1422 ut

251 1469 300 1510 eos
320 1449 495 1526 adhorteris,
514 1454 549 1509 ut
566 1452 652 1510 avari
670 1452 781 1509 sintin
799 1453 934 1527 expensis
954 1450 1111 1511 dissolutis

251 1543 281 1598 et
303 1541 426 1614 insanis,
449 1543 479 1598 et
501 1539 620 1616 prodigi
643 1541 675 1598 in
698 1539 787 1599 rebus
810 1541 985 1600 necessariis
1008 1544 1039 1599 ot
1061 1560 1110 1600 ra·

250 1630 327 1688 tioni
350 1628 607 1702 convenientibus,
632 1631 662 1687 et
684 1631 720 1687 ut
742 1628 884 1688 studeant
906 1628 995 1688 rebus
1019 1631 1111 1690 hone·

251 1720 314 1791 stis,
337 1717 456 1794 fugiant
479 1721 579 1777 autem
601 1735 680 1778 vana
703 1720 734 1776 et
755 1720 865 1794 turpia.

93 1885 95 1891 ·
162 1853 263 1906 Anton.
280 1856 453 1919 sano-aa
468 1856 645 1920 ao,1s-3a‚
657 1855 885 1921 13(24,23-3ο;
899 1856 1014 1920 uqa-
1026 1858 1061 1906 22
1073 1851 1112 1922 s).

92 1921 169 1993 Quae
188 1929 231 1990 28,
246 1929 279 1977 32
291 1955 325 1964 -
335 1928 378 1990 30,
394 1930 428 1978 15
443 1926 497 1993 (24,
511 1929 545 1978 30
556 1955 589 1964 -
601 1930 643 1990 25,
655 1929 670 1977 2
682 1923 710 1994 S)
731 1922 872 1990 dicuntur,
891 1921 1035 1978 Ciceronis
1054 1940 1111 1978 non

91 2010 150 2048 esse
169 1994 309 2062 existimo,
328 1995 403 2064 quod
422 1995 557 2049 nonnulla
575 1995 692 2049 Antonii
712 1995 800 2049 aetati
819 2011 866 2048 ma
889 1994 911 2049 's
930 1995 1111 2063 conveniunt,

90 2067 123 2120 ut
137 2071 207 2134 30,4
222 2068 280 2135 (24,
290 2072 324 2119 32
336 2066 364 2136 S)
377 2083 489 2135 reparer
503 2068 575 2121 leurs
589 2069 717 2132 maiacum
731 2068 833 2138 cylices.
883 2084 902 2118 n
916 2064 999 2120 initio
1014 2069 1111 2122 autem

91 2135 175 2192 huius
185 2137 287 2206 eapitis
298 2137 455 2192 sententiae
465 2136 663 2192 Ciceronianae
677 2138 769 2192 inesse
782 2137 923 2202 videntur,
938 2153 1111 2206 quamquam

92 2206 188 2274 Cicero
203 2212 301 2263 auctor
314 2209 452 2278 expressis
466 2208 557 2263 verbis
571 2225 628 2263 non
642 2208 783 2274 laudatur,
801 2208 868 2277 quia
883 2207 966 2262 aliter
979 2225 1022 2275 ea,
1038 2224 1111 2276 quae

92 2284 135 2348 30,
147 2286 180 2334 15
190 2297 250 2348 sqq.
266 2283 319 2350 (25,
330 2286 346 2334 3
357 2298 417 2349 sqq.
429 2279 457 2350 S)
476 2282 575 2334 contra
594 2280 738 2347 dicuntur,
758 2279 887 2349 intellegi
906 2297 962 2334 non
981 2282 1109 2349 possunt.

92 2350 220 2420 Denique
237 2351 322 2406 huius
346 2350 448 2420 capitis
472 2351 535 2405 finis
554 2357 596 2418 32,
613 2357 717 2405 13-24
737 2353 791 2420 (25,
806 2356 884 2405 30-
896 2356 929 2405 39
945 2348 973 2420 S)
993 2351 1111 2405 Antonii

92 2425 143 2489 est,
163 2423 212 2492 qui
230 2422 333 2478 iterum
347 2421 545 2492 complectitur
559 2423 683 2477 auctoris
702 2422 746 2476 sui
765 2422 927 2478 sententias.
947 2453 980 2463 -
999 2421 1061 2477 Iam
1079 2425 1112 2476 ut

92 2494 205 2564 singula
226 2495 393 2565 tangamus,
421 2493 540 2563 legimus
569 2494 599 2548 in
626 2493 722 2548 initio:
756 2510 847 2550 omues
869 2501 974 2549 actura
996 2494 1111 2549 honores

92 2564 216 2634 cupierat.
254 2565 305 2621 Cui
329 2565 487 2620 sententiae
510 2564 611 2619 similis
635 2568 678 2620 est
696 2565 774 2619 locus
792 2565 828 2619 de
847 2563 892 2619 off.
906 2564 977 2632 124,
996 2564 1048 2619 nbi
1071 2565 1111 2620 le·

92 2637 197 2706 gimus:
227 2639 386 2693 Marcimeni
409 2645 500 2692 actem
518 2644 627 2706 partem
650 2638 688 2690 ad
711 2639 847 2691 iniuriam
874 2637 1032 2704 faciedum
1060 2636 1110 2690 ad

91 2709 264 2779 predicatur,
282 2715 314 2764 ut
332 2709 525 2778 adipiscantur
547 2725 579 2763 eo
598 2725 668 2778 quae
682 2710 911 2777 coaequemur.
949 2706 986 2761 ut
1009 2707 1111 2776 quodsi

92 2780 161 2834 iusti
184 2782 213 2833 et
235 2780 399 2835 innocentes
423 2779 477 2834 viri
501 2778 667 2843 laudantur,
698 2778 824 2834 conferas
851 2780 886 2833 de
912 2794 941 2832 re
966 2796 993 2847 p.
1011 2777 1038 2832 V
1062 2779 1110 2844 in,

92 2869 119 2920 p.
137 2855 186 2906 361
198 2851 235 2905 M.
254 2884 289 2892 —
309 2851 350 2906 De
369 2851 529 2904 nominibus
548 2851 683 2905 Romanis
703 2850 761 2904 dixi
780 2868 808 2919 p.
824 2856 865 2904 52.

582 3181 621 3239 16

322 3321 429 3383 Omnes
444 3323 593 3401 principes
613 3327 644 3382 et
661 3342 724 3382 rem
742 3321 893 3398 publicam
910 3321 1111 3399 gubernantes

254 3417 380 3502 possunt
403 3416 433 3472 et
456 3411 563 3471 debent
587 3414 666 3472 cives
686 3429 753 3470 snos
773 3411 901 3489 adigere,
923 3414 959 3470 ut
981 3410 1057 3488 ipsis
1076 3429 1112 3470 ex

246 3505 381 3577 pecunia
408 3521 464 3563 sua
491 3520 527 3560 ea
553 3501 699 3577 pendant,
731 3519 807 3576 quae
835 3503 899 3559 iure
930 3500 1005 3559 iussi
1033 3503 1112 3561 sunt.
