2422 3856
145 136 188 200 66
456 135 490 190 11.
510 134 848 190 COMMENTATIONES

146 307 214 346 eum
232 305 334 347 versus
353 287 535 346 Horatianos
554 289 672 345 nomine
688 284 787 346 Orosii
803 279 911 368 (Orosc
925 286 1166 364 Soederhjelmus

146 378 164 436 l.
184 378 204 434 l.
224 397 252 453 p.
274 368 329 455 82)
359 377 476 451 afferre,
506 380 535 434 et
562 377 657 435 multo
685 376 781 452 pluris
809 377 901 435 refert
928 396 1035 436 nomen
1064 377 1166 436 Tulli

145 467 255 525 iterum
283 465 320 523 ab
348 465 480 524 Antonio
508 464 634 524 laudari.
680 465 758 524 Nam
785 467 812 524 is
838 468 915 524 teste
943 465 1165 542 Soedeer'elmo

145 557 164 615 l.
189 557 207 614 l.
232 575 260 631 p.
287 556 327 614 78
356 556 388 612 in
415 556 503 613 initio
532 557 627 630 operis
656 557 705 614 sui
732 554 811 630 quod
837 555 989 630 inscripsit
1011 555 1063 614 La
1085 555 1166 615 Solle

146 644 305 704 historiam
324 644 484 719 quandam,
504 663 580 718 quae
598 644 635 702 de
654 643 745 702 Zeuxi
762 645 876 719 pictore
893 644 1041 719 tradatur,
1065 645 1166 704 afferri

147 734 220 793 dicit
244 753 262 792 a
286 733 388 807 Tullo,
416 752 504 808 quem
530 732 634 791 laudat
656 733 703 791 his
726 732 836 791 verbis:
869 733 989 792 l'ullcs
1012 735 1090 793 dares
1112 752 1166 792 soc

146 825 219 882 livre
242 823 303 881 Des
326 823 423 880 stelles
445 822 661 894 lictoriques.
708 821 749 878 Et
775 821 846 881 talis
869 821 995 880 historie
1022 826 1167 881 narratur

148 932 166 971 a
190 911 360 970 Cicerone
388 911 429 969 de
456 910 524 968 inv.
543 909 574 969 Π
595 914 627 984 1,
648 913 675 968 1.
721 909 846 968 Librum
873 913 987 985 autem,
1015 930 1106 986 quem
1129 911 1165 970 de

146 1002 317 1059 inventione
346 1000 506 1058 inscribere
536 999 750 1072 consuevimus,
777 1001 810 1057 in
837 999 987 1059 codicibus
1013 1000 1166 1059 veteribus

148 1109 234 1166 saepe
257 1089 417 1148 Rhetorica
442 1089 588 1164 appellari
610 1107 663 1147 nos
688 1089 794 1147 docent
816 1088 875 1147 viri
898 1087 978 1147 docti
997 1087 1113 1148 Teuffel
1135 1094 1166 1148 et

148 1178 290 1238 Schwabe
313 1179 345 1235 in
367 1178 444 1236 libro
469 1179 521 1252 qui
543 1178 703 1253 inscriptus
728 1179 772 1237 est
796 1177 960 1236 Geschichte
982 1177 1035 1236 der
1062 1181 1165 1237 ronut-

147 1269 233 1328 sctec
251 1266 433 1326 Literoturl
452 1264 550 1341 §177
571 1267 631 1326 a3.
677 1265 736 1325 Hic
757 1265 865 1343 igitur,
892 1265 944 1324 ubi
970 1265 1048 1325 liber
1077 1286 1165 1344 quem

151 1359 278 1433 scriptor
300 1357 542 1433 Francogallicus
571 1358 686 1431 spectat
710 1357 820 1428 exstat,
847 1355 1012 1414 Antonium
1042 1375 1165 1434 gravem

149 1449 300 1505 auctorem
323 1463 385 1504 esse
410 1445 620 1522 cognoscimus
665 1443 750 1502 Nihil
773 1463 843 1521 ergo
867 1448 920 1517 est,
944 1463 996 1503 cur
1018 1465 1081 1504 non
1104 1445 1163 1504 An·

147 1537 265 1595 tonium
287 1553 404 1593 mecum
427 1552 546 1593 censeas
570 1535 744 1609 scriptorem
767 1551 830 1593 esse
855 1534 992 1610 dignum,
1021 1536 1072 1594 cui
1093 1534 1164 1594 fides

148 1642 310 1702 permagna
332 1623 485 1681 habeatur.

238 1714 340 1772 Etiam
355 1711 426 1788 quid
440 1731 547 1771 nornen
560 1711 637 1769 illud
652 1704 793 1770 rolzes1
812 1731 870 1787 quo
885 1729 1001 1788 semper
1015 1711 1162 1772 Antonius

148 1805 245 1862 utitur
276 1802 377 1860 valeat
407 1819 486 1859 nunc
518 1801 658 1860 certiores
690 1800 764 1858 facti
795 1818 904 1859 sumus.
950 1801 1030 1859 Nam
1058 1804 1087 1861 si
1113 1803 1162 1860 illo

150 1911 237 1967 quem
255 1891 343 1950 modo
364 1891 454 1949 attuli
472 1890 536 1948 loco
554 1889 687 1948 Tullium
702 1887 872 1949 Ciceronem
890 1889 1049 1968 significat,
1074 1893 1160 1950 etiam

151 1981 223 2057 quin
245 1983 277 2038 in
300 1980 376 2039 libro
400 1999 489 2054 quem
512 1980 665 2054 inscripsit
682 1978 732 2036 Lo
749 1977 859 2037 Suladc
875 1978 1025 2038 Antonius
1049 1997 1162 2056 semper

151 2072 269 2129 nomine
294 2070 393 2127 Palles
420 2069 468 2127 vel
493 2068 592 2127 Tralles
620 2065 791 2126 Ciceronem
813 2068 1004 2139 indicaverit,
1036 2069 1162 2127 nonest

151 2159 229 2235 quod
248 2158 426 2217 dubitemus.
473 2156 571 2227 Quare
591 2175 773 2232 quamquam
791 2158 955 2232 quaerenti,
975 2157 1069 2216 aliine
1084 2157 1161 2216 Tulli

150 2251 308 2324 scriptores
337 2247 464 2305 Romani
494 2247 618 2319 fuerint,
649 2247 749 2321 plures
780 2263 810 2303 se
838 2245 941 2304 obvios
969 2245 1043 2304 deut
1075 2246 1160 2319 Tulli,

148 2342 250 2396 tamen
274 2336 309 2395 de
332 2337 414 2394 nullo
439 2335 498 2394 alio
517 2353 638 2410 prorsus
657 2333 847 2412 cogitandum
868 2353 930 2394 esse
949 2353 1018 2393 curn
1035 2334 1160 2394 Ricardo

149 2417 317 2485 Wuensch²
354 2443 456 2483 censeo
492 2426 552 2483 nisi
588 2422 624 2481 de
659 2423 699 2480 M.
731 2423 830 2481 Tullio
867 2422 1013 2482 Cicerone.
1071 2423 1160 2494 Quem

149 2515 260 2575 librum
288 2514 323 2572 de
350 2513 513 2572 virtutibus
543 2515 741 2588 composuisse
770 2532 804 2571 ex
832 2511 960 2570 Charisii
987 2511 1160 2589 Hieronymi

149 2604 314 2682 Augustini
337 2593 536 2662 testimoniis³
559 2603 675 2660 scimus.

300 2808 336 2897 C)
361 2814 442 2884 Quae
466 2819 570 2875 contra
594 2815 653 2874 dici
676 2818 809 2890 possunt,
831 2815 1016 2874 refelluntur.

239 2941 282 3000 At
318 2943 417 2999 sumat
454 2942 615 3015 quispiam:
653 2940 722 2998 Etsi
753 2939 917 2998 Antonium
952 2941 1052 3015 ipsum
1089 2937 1162 2998 nihil

150 3031 268 3090 finxisse
291 3028 432 3103 concedo,
463 3032 565 3088 tamen
591 3029 655 3105 ipse
678 3047 776 3088 nonne
798 3031 898 3104 potuit
924 3025 1042 3103 decipi?
1089 3027 1163 3087 Sunt

151 3122 289 3196 excerpta
317 3121 346 3178 et
374 3120 536 3195 compilata
562 3137 598 3176 ex
622 3116 772 3176 Ciceronis
794 3120 925 3194 scriptis,
953 3135 1031 3192 quae
1054 3117 1163 3194 aliquis

152 3210 328 3285 composuit,
348 3210 520 3284 compositis
533 3209 620 3266 illum
633 3207 759 3266 titulum
773 3206 847 3264 false
863 3206 991 3280 addidit3
1010 3225 1070 3282 quo
1089 3206 1162 3265 libro

244 3379 269 3447 1)
289 3377 320 3432 V.
336 3378 423 3431 etiam
441 3393 514 3445 quae
533 3377 611 3430 dicat
630 3374 855 3445 Scederhjelmus
874 3375 959 3430 Notca
976 3393 1004 3444 p.
1015 3380 1050 3429 62
1065 3375 1162 3430 adut.

152 3452 179 3519 2)
199 3450 326 3504 Zeitschr.
348 3450 369 3516 f.
390 3450 480 3515 frana.
500 3449 619 3518 Sprache
641 3466 668 3502 a.
690 3449 836 3503 Literclor
857 3445 972 3499 XXVIII
992 3452 1061 3500 1905
1080 3465 1108 3517 p.
1123 3453 1163 3501 45.

144 3524 175 3588 3)
198 3520 225 3573 V.
240 3537 329 3588 supra
345 3539 375 3590 p.
391 3526 433 3575 40.
