2422 3856
235 147 260 196 b.
279 142 328 196 DE
347 140 526 197 CICERONE
544 141 698 198 ANTONH
715 142 885 198 AUCTORE
1029 143 1073 208 59

55 293 215 352 formanda
228 293 361 368 perfecta
378 294 509 370 imagine
524 293 631 369 optimi
648 296 693 353 rei
710 293 848 370 publicae
866 296 989 354 rectoris
1003 312 1073 353 con-

55 383 193 458 sumpsit
228 381 278 441 Ita
300 381 350 440 lib.
365 381 410 439 VI
427 383 514 460 frgm.
532 386 548 442 1
574 383 676 461 agitur
694 384 731 442 de
753 383 912 458 prudentia
936 385 1072 458 rectoris3

55 471 170 530 ibidem
192 472 375 546 postulatur,
404 474 439 529 ut
466 473 584 547 sapiens
612 473 652 530 sit
680 475 710 530 et
732 473 829 531 iustus
851 476 882 531 et
903 475 1073 548 temperans

56 563 156 620 rector
172 560 372 635 reipublicae
390 552 478 642 (ΝΞ
493 580 520 636 p.
533 562 597 620 366
607 561 660 634 Μ).
696 562 799 621 Etiam
816 563 973 637 permulta,
996 581 1073 638 quae

55 651 89 708 in
115 649 239 725 reliquis
269 648 418 709 Ciceronis
449 648 533 708 libris
565 650 720 728 leguntur,
751 650 877 709 Antonii
908 653 1073 725 sententiis,

56 757 133 816 quas
162 758 198 797 ex
226 738 313 798 Tullo
345 738 472 814 profert,
504 742 702 799 consentanea
733 743 812 799 sunt.
857 739 907 799 Ita
938 741 1073 800 conferas

58 827 211 889 Ciceronis
246 827 338 886 verba
373 828 409 886 de
440 847 472 886 re
504 848 532 903 p.
557 827 668 887 1151:
709 829 814 888 Bouus
844 834 871 886 et
901 832 1019 902 capture
1048 833 1075 886 ot

51 919 168 990 quitus
200 919 335 977 ututuus
364 918 569 991 dtquttutisque
600 919 693 976 ciuilis
725 921 811 991 quusi
842 922 919 976 tutor
950 923 977 977 et
1001 936 1073 991 pro-

55 1010 177 1065 curator
201 1009 245 1067 rei
265 1007 420 1080 publicoq-
449 1008 492 1065 sic
518 1009 594 1066 cuuu
622 1008 791 1080 appelletur,
823 1010 993 1080 quicumque
1020 1010 1074 1066 crit

56 1099 150 1155 rector
186 1100 213 1154 et
245 1097 422 1170 quteruutcr
457 1098 589 1155 ciuitatis.
645 1095 763 1155 Similia
799 1096 878 1155 idem
910 1096 1001 1155 habet
1037 1097 1073 1154 de

56 1185 107 1244 off.
125 1184 142 1243 I
161 1185 212 1244 85.
258 1183 413 1243 Laudatur
440 1186 532 1244 etiam
564 1203 652 1261 saepe
683 1205 735 1244 rex
763 1204 876 1260 aequus
904 1189 935 1244 et
966 1187 1074 1258 iustus,

55 1277 92 1332 ut
115 1272 152 1333 de
170 1293 202 1333 re
223 1294 252 1349 p.
270 1273 303 1332 H
321 1275 378 1332 47:
404 1273 513 1349 Reqcm
538 1275 623 1333 itluua
649 1276 751 1333 uotuut
777 1292 849 1343 esse,
878 1276 928 1347 qui
950 1275 1074 1332 consulit

55 1367 91 1421 ut
107 1380 222 1435 paruis
243 1363 354 1436 populo
376 1367 581 1437 conservatque
603 1381 662 1432 eos,
691 1365 796 1437 quibus
818 1367 860 1423 cst
875 1366 1073 1438 praepositus,

57 1470 148 1526 quum
179 1454 287 1524 optimu
317 1453 350 1509 iu
381 1453 546 1512 cutdictoue
576 1454 702 1512 equuus.
748 1453 849 1512 Etiam
881 1471 916 1510 ea
948 1453 1073 1512 fortasse

57 1542 193 1601 conferre
227 1541 311 1615 licet,
347 1560 424 1617 quac
458 1541 519 1601 ibd.
550 1541 582 1600 H
619 1543 660 1601 35
699 1541 735 1601 de
772 1542 936 1618 Tarquinio
972 1541 1072 1600 Prisco

56 1630 211 1689 dicuntur:
247 1631 327 1689 Erat
353 1633 387 1689 iu
416 1648 447 1689 co
474 1649 590 1690 sumum
618 1633 746 1705 cornuue,
777 1648 893 1690 summu
921 1633 954 1689 iu
980 1632 1075 1689 cuuis

56 1722 130 1778 ciuis
152 1722 224 1792 opis,
252 1721 371 1789 auxilii,
398 1721 587 1795 defursicuis,
616 1721 762 1794 turpioudi
789 1722 875 1778 etium
903 1722 1073 1794 boutquitus.

56 1809 160 1884 Atque
182 1809 255 1867 haec
277 1809 398 1884 quidem
420 1807 456 1867 de
479 1810 622 1884 principe.

147 1896 214 1956 Iam
245 1897 324 1973 quod
356 1897 393 1955 de
416 1899 604 1973 quattuor,
630 1902 666 1957 ut
692 1891 837 1971 videtur1,
870 1898 1072 1957 virtutibus

57 1986 186 2063 Antonii
212 1988 248 2045 de
275 1987 306 2044 la
319 1986 398 2045 ¹Sale
426 1989 530 2046 auctor
557 1986 739 2062 disputabat,
763 1986 933 2046 Ciceronem
957 2006 1074 2063 quoque

56 2078 203 2152 quattuor
224 2077 351 2135 virtutes
374 2076 521 2152 accepisse
539 2076 667 2153 legimus
686 2076 722 2135 de
744 2077 856 2135 invent.
875 2075 907 2135 H
927 2077 989 2134 159
1009 2094 1074 2152 sqq.

57 2164 143 2234 Quae
169 2166 313 2240 expressis
339 2164 438 2224 verbis
465 2164 628 2224 laudantur
655 2166 691 2224 de
714 2166 762 2223 off.
785 2165 800 2222 I
825 2166 899 2240 152,
925 2164 978 2223 ubi
1005 2168 1075 2224 sunt

56 2256 183 2328 aequitio
204 2254 253 2314 vel
274 2254 443 2330 prudentia,
471 2256 662 2314 cuunuuu'tus
688 2254 737 2313 vel
764 2254 891 2328 iustitia,
920 2257 1074 2328 uuquuui-

56 2346 147 2403 uuus
168 2342 217 2403 vel
240 2342 394 2418 fortitudo,
416 2344 576 2402 moderatio
598 2343 646 2403 vel
669 2342 865 2418 continentie3
889 2343 992 2402 eadem
1015 2343 1073 2402 dis-

56 2434 166 2492 tinctio
193 2435 337 2509 quattuor
363 2434 510 2491 virtutum
537 2433 556 2490 l.
576 2434 595 2492 l.
618 2432 635 2491 Ι
655 2434 694 2492 15
728 2432 842 2505 subest,
870 2432 922 2491 ubi
948 2433 1074 2509 legitur:

59 2521 160 2590 Ormre,
188 2522 265 2595 quod
292 2526 333 2580 est
357 2522 515 2590 boucstum,
541 2522 575 2580 id
601 2526 737 2595 quattuor
758 2523 893 2594 porticus
919 2524 1013 2580 oritur
1041 2540 1075 2580 eu

56 2612 171 2684 aliquod.
219 2609 284 2668 Aut
311 2613 387 2670 cuim
415 2613 449 2668 iu
472 2613 681 2685 perspicientia
709 2613 771 2669 ueri
799 2611 982 2684 sollertiaque
1012 2628 1074 2669 ucr-

57 2704 152 2769 satur,
176 2704 229 2759 uut
249 2701 283 2758 tu
303 2700 452 2758 bominum
473 2703 606 2759 societate
627 2701 736 2759 tueudo
759 2701 965 2773 tribuurdoque
987 2717 1075 2758 suruu

56 2791 162 2863 cuique
188 2793 215 2848 ct
239 2807 339 2847 rcrucu
365 2793 580 2848 contacturum
605 2790 677 2864 ude,
709 2793 762 2847 out
791 2791 823 2847 tu
851 2791 945 2848 uuiui
972 2789 1075 2848 excelsi

57 2884 145 2954 atque
166 2881 267 2938 tuuicti
288 2879 489 2952 uuquttudiue
511 2896 547 2937 oc
568 2879 678 2952 robore,
701 2881 754 2937 out
775 2880 808 2936 iu
834 2880 972 2945 circutum,
1000 2896 1075 2950 quue

58 2971 138 3042 fiuru
158 2985 287 3042 quaeque
310 2967 455 3036 dicuutur,
482 2969 584 3026 ordine
607 2972 633 3027 et
658 2968 751 3036 ruodo,
778 2969 811 3026 tu
838 2984 893 3041 quo
920 2969 996 3026 tuest
1016 2984 1075 3024 uo-

56 3059 153 3117 curu
176 3059 203 3116 et
228 3058 427 3129 tcnspcrurtiu.
472 3055 528 3116 His
554 3057 650 3134 igitur
676 3057 748 3115 locis
776 3056 907 3134 cognitio
933 3055 982 3114 vel
1004 3075 1074 3130 pru-

58 3147 162 3206 dentia
179 3164 296 3205 summa
309 3147 406 3204 virtus
420 3145 553 3204 habetur.
587 3143 731 3205 Omnibus
750 3148 852 3204 autem·
867 3147 900 3203 in
920 3146 958 3203 iis
977 3145 1074 3217 rebus,

59 3254 137 3312 quae
169 3236 320 3311 pertinent
352 3235 390 3293 ad
421 3236 593 3294 societatem
625 3237 740 3311 generis
772 3234 909 3307 humaui,
939 3235 1075 3292 iustitiae

59 3325 190 3401 primum
212 3323 311 3383 looum
334 3344 353 3383 a
375 3322 514 3383 Cicerone
539 3323 665 3382 attribui
693 3342 851 3402 cognoscas
880 3343 914 3382 er
941 3323 988 3382 his
1012 3324 1075 3381 eius

151 3514 177 3581 1)
195 3509 229 3567 V.
244 3528 329 3581 supra
346 3529 374 3581 p.
384 3516 427 3566 55.
