2422 3856
367 542 662 615 Continentur
690 541 771 614 hoc
798 541 954 613 libello

151 696 293 753 Praefatio
329 736 1049 756 .....................
1067 721 1119 761 pag.
1131 694 1172 748 ΙΠ

154 785 292 840 Noterum
312 789 478 854 conspectus
516 827 1056 841 ................
1154 797 1169 843 1

181 876 202 929 l.
228 875 294 929 Loci
309 875 358 944 qui
373 876 410 930 ed
425 873 585 930 Ciceronem
601 875 742 944 pertinere
757 875 889 928 videntur
903 891 936 928 ex
946 876 1062 930 Antonii

226 965 260 1018 de
279 964 307 1017 le
327 963 389 1018 Sele
408 964 539 1033 operibus
558 963 682 1032 excerpti

225 1055 260 1123 A)
279 1054 320 1106 Ex
338 1053 411 1107 libro
430 1054 479 1124 qui
497 1052 661 1107 inscribitur
679 1053 725 1108 La
743 1053 845 1108 Salade
874 1099 879 1108 .
910 1099 914 1107 .
946 1098 950 1106 .
976 1051 989 1108 f
1017 1098 1021 1106 .
1052 1097 1057 1106 .
1154 1061 1171 1107 2

225 1143 257 1211 Β)
277 1142 318 1195 Ex
335 1142 410 1197 libro
429 1142 478 1210 qui
496 1141 660 1197 inscribitur
678 1144 724 1196 La
743 1142 816 1197 Saite
838 1187 1056 1197 .......
1136 1150 1172 1198 38

167 1231 200 1285 II.
227 1229 483 1286 Commentationes

226 1327 250 1374 1.
271 1319 347 1385 Quae
364 1319 457 1373 edhuc
474 1320 509 1373 de
527 1318 667 1374 Ciceronis
687 1320 721 1374 de
737 1319 890 1375 virtutibus
906 1321 979 1374 libro
996 1324 1064 1376 note

269 1408 376 1464 fuerint
395 1407 566 1478 colliguntur
593 1451 1057 1465 ..............

227 1503 251 1551 2.
270 1496 388 1552 Antonii
406 1496 601 1551 additamenta
617 1513 634 1550 e
653 1498 800 1552 sententiis
818 1497 956 1568 Tullianis
976 1517 1064 1554 secer-

270 1589 376 1640 nuntur
409 1627 1058 1643 ...................

146 1668 151 1673 ⁵
226 1681 251 1730 3.
270 1675 311 1729 De
326 1678 450 1729 veterum
468 1675 629 1729 nominibus
647 1674 802 1745 etlegibus
820 1676 897 1746 apud
910 1677 1064 1732 Antonium

270 1763 396 1817 laudetis
409 1806 1058 1820 ...................
1137 1771 1168 1789 ’“

227 1859 251 1906 4.
271 1851 401 1922 Vestigie
424 1852 569 1906 doctrinae
589 1852 745 1907 Stoicorum
769 1853 887 1908 inveniri
906 1854 1065 1909 ostenditur

228 1948 252 1996 5.
271 1940 426 1995 Antonium
454 1939 586 1996 Cicerone
615 1944 729 1997 auctore
756 1959 838 1996 usum
866 1958 927 1997 esse
951 1943 1065 1998 demon-

273 2033 378 2085 stratur
411 2072 1058 2088 ...................

272 2121 304 2171 A.
325 2118 510 2174 Consentiunt
526 2120 643 2173 Antonii
660 2119 737 2173 dicta
755 2138 817 2174 cum
835 2122 981 2175 sententiis
1000 2121 1065 2175 Tul-

272 2207 356 2261 lianis
375 2250 1059 2266 ....................

272 2296 303 2350 B.
324 2296 484 2352 Ciceronem
503 2297 626 2351 Antonio
650 2299 793 2351 auctorem
816 2297 903 2352 fuisse
922 2298 1066 2368 colligitur

273 2385 301 2440 C.
322 2386 399 2451 Quae
420 2389 517 2440 contre
536 2385 593 2439 dici
611 2389 731 2455 possunt
748 2385 914 2440 refelluntur
947 2430 952 2441 .
983 2430 988 2441 .
1018 2431 1024 2441 .
1054 2422 1084 2442 .-

229 2481 254 2530 6.
274 2475 315 2529 De
334 2474 500 2545 fragmentis
520 2474 686 2545 colligendis
697 2517 1059 2535 ...........

157 2562 203 2619 ΙΠ.
226 2563 264 2620 Μ.
279 2562 366 2617 lunii
385 2562 525 2618 Ciceronis
546 2563 580 2617 de
598 2563 750 2618 virtutibus
769 2563 835 2618 libri
853 2564 1024 2636 fragmento.
1055 2609 1060 2621 .
1140 2573 1173 2621 77

158 2652 305 2708 Conclusio
340 2694 1059 2710 .....................
1139 2661 1173 2709 92

158 2741 245 2796 Index
262 2741 408 2796 nominum
427 2746 456 2797 et
473 2757 565 2795 rerum
584 2741 807 2795 memorabilium
841 2784 1060 2797 .......
1139 2749 1173 2798 et
