2422 3856
317 135 342 185 2.
370 128 419 182 DE
437 127 593 184 ANTONII
611 128 889 183 ADDITAMENTIS
1068 129 1116 192 41.

98 285 149 356 11,-
171 282 212 341 14
232 273 360 360 (Migue,
383 279 558 357 Patrologia
581 279 677 339 latina
699 279 785 340 XLII
806 299 834 356 p.
857 271 966 360 1047).
1011 280 1119 356 Aque

94 370 168 429 haec
199 372 270 429 sunt
301 372 371 429 eius'
395 369 512 430 verba:
536 370 685 453 Meritoria
711 372 939 444 praeteritorem
969 374 1022 438 est,
1053 386 1115 428 mom

94 462 309 532 proesmtterm:
339 477 411 518 rrom
440 460 562 532 qm'dem
589 477 655 518 emm
682 460 718 518 ele
744 459 909 518 oe'rtmtr‘bms·
928 463 1053 533 operemt,
1080 461 1114 518 m

94 549 201 623 quibus
220 553 261 608 est
278 539 374 608 etiem
386 548 509 624 Tollius,
532 550 565 630 r're
585 550 644 607 trr'o
663 551 720 607 isto
731 549 925 622 prudentiam
942 549 1119 616 divisorum,

93 640 273 714 memoriam,
296 636 529 711 ›imtdlipmttom
551 639 783 712 procidentiam:
814 639 985 696 memoriam
1007 637 1115 696 scilieet

90 727 269 802 praeteritis,
296 723 516 801 imelle'pemr'om
538 719 758 801 praesentibus,
778 726 999 800 procidentiam
1026 727 1120 785 rebus

94 817 254 876 tribuentes
274 816 393 889 foturis.
416 855 418 859 ,
440 815 522 885 Quae
544 816 717 875 testimonie
735 816 861 875 collecte
880 817 999 874 suntin
1020 813 1120 874 Orelli

95 908 126 964 et
140 904 256 965 Baiteri
274 895 404 964 editione
417 903 463 963 IV
479 906 497 962 2
512 923 541 980 p.
556 906 620 963 492
641 906 672 963 et
691 904 770 981 apud
785 902 816 965 O.
828 905 861 962 F.
874 903 921 963 W.
931 897 1119 963 Muellerum

94 994 177 1053 lvs
202 1015 230 1070 p.
251 995 330 1068 340,
361 997 397 1052 ut
423 994 554 1069 reliquos
582 995 727 1053 omittam.
779 992 902 1051 Praeter
929 993 983 1053 hos
1012 997 1119 1052 autem.

96 1103 170 1158 quos
193 1084 283 1142 attuli
306 1103 392 1142 nemo
415 1084 550 1141 veterum
574 1081 723 1142 Ciceronis
752 1082 789 1142 de
811 1081 975 1142 virtutibus
1002 1083 1120 1141 librum.

94 1173 237 1232 nominat.
276 1171 461 1247 Quicumque
479 1172 575 1249 igitur
594 1176 731 1231 auctores
746 1171 856 1232 veteris
873 1162 1016 1249 temporis
1034 1173 1119 1230 hunc

94 1261 206 1320 librum
225 1265 372 1321 noverunt
390 1264 445 1319 aut
463 1263 705 1336 commemorant,
724 1264 832 1337 quarto
848 1262 965 1320 saeculo
983 1261 1116 1320 fuerunt.

95 1351 200 1426 Neque
227 1352 392 1426 posteriore
420 1369 493 1409 aevo
518 1369 696 1426 quemquem
723 1351 811 1409 huius
834 1350 906 1409 libii
931 1352 1113 1409 mentionem

95 1439 209 1513 fecisse,
227 1443 346 1515 praeter
363 1439 530 1499 Antonium
548 1440 670 1515 scilicet,
692 1441 772 1498 inter
791 1459 892 1499 omnes
912 1457 1119 1515 quoscumque

93 1529 158 1588 vidi
182 1532 306 1589 constat.
856 1542 859 1549 '

572 1699 647 1791 §a

133 1813 297 1918 Antonii
320 1851 583 1917 additamento
606 1877 625 1918 e
648 1853 856 1920 sententiis
880 1835 1080 1922 Tullianis

475 1963 737 2024 secernuntur.

184 2088 322 2166 Agedum
345 2090 468 2165 propius
487 2090 526 2148 ad
548 2109 610 2148 rem
634 2089 818 2149 accedamus.
863 2090 965 2167 Atque
983 2092 1119 2166 primum.

93 2179 171 2237 mihi
194 2177 400 2253 exponendum
424 2197 486 2237 esse
514 2179 646 2253 videtur,
675 2197 750 2255 ques
778 2182 879 2255 partes
908 2179 1005 2255 operis
1034 2179 1119 2254 quod

94 2286 186 2344 supra
210 2267 356 2326 edidimus
381 2268 544 2344 Antonium
573 2270 673 2343 ipsum
697 2269 896 2344 composuisse
925 2272 955 2327 et
978 2289 1013 2328 ex
1035 2269 1119 2327 libro·

93 2367 158 2434 'quo
182 2374 213 2415 se
235 2375 323 2416 usum
342 2375 404 2416 esse
424 2358 513 2427 dicat,
537 2358 761 2434 qualiscumque
778 2359 842 2416 ¹iste
860 2358 936 2417 liber
954 2352 1022 2432 fuit,
1047 2377 1118 2416 eum.

94 2465 156 2506 non
170 2445 358 2521 exscripsisse
371 2447 532 2506 verisimile
551 2447 599 2505 sit.
631 2446 712 2504 Nam
727 2457 908 2522 quemquam
925 2446 1022 2506 multa
1036 2465 1115 2522 quae

93 2535 147 2595 ille
178 2536 293 2611 profert
321 2546 346 2593 a¹
367 2538 511 2611 scriptore
538 2535 673 2594 Romano
689 2535 783 2593 ‚haud
812 2536 991 2594 abhorreant
1018 2555 1119 2612 neque

95 2624 195 2684 desint
222 2623 400 2699 sententiae,
429 2643 554 2699 querum
582 2624 630 2684 vel
659 2623 760 2683 Cicero
789 2629 892 2684 auctor
920 2644 982 2685 esse
1009 2627 1120 2700 possit,

95 2732 164 2772 cum
187 2716 217 2772 et
240 2706 361 2772 nominc
388 2713 521 2772 virorum
548 2714 581 2771 in
607 2731 639 2771 re
667 2713 789 2789 publica
811 2714 947 2772 Romana
970 2714 1115 2774 excellen-

93 2802 173 2862 tium
196 2803 358 2861 afferantur
380 2805 410 2861 et
432 2821 480 2861 res
494 2805 684 2878 tractentur,
713 2815 787 2878 quas
811 2804 903 2862 etiam
929 2804 962 2862 in
990 2803 1118 2862 civitate

94 2884 231 2950 Romana
259 2891 400 2951 accidisse
424 2890 567 2950 'credibile
596 2895 654 2966 est,
682 2895 784 2951 tamen
812 2892 873 2951 alia
896 2902 914 2950 a
941 2892 1024 2951 nullo
1052 2893 1114 2951 alio

94 2981 154 3040 nisi
168 2999 187 3039 a
201 2981 345 3056 scriptore
360 2982 462 3055 quarti
476 2981 524 3039 vel
543 2982 642 3056 quinti
662 2980 770 3039 decimi
788 2981 901 3040 saeculi
919 2981 1032 3058 scripta
1051 3001 1120 3040 esse

94 3088 181 3129 nemo
210 3068 250 3128 sit
279 3071 331 3145 qui
357 3073 453 3147 neget.
500 3069 665 3128 Antonium
689 3073 789 3128 autem
812 3070 956 3145 scriptore
985 3071 1115 3146 quodam

95 3159 230 3233 antiquo,
248 3160 296 3218 cui
314 3178 422 3218 nomen
437 3158 519 3216 Tulli
537 3162 610 3232 erat,
628 3177 716 3217 usum
735 3177 796 3217 esse
815 3159 937 3217 interim
953 3171 1120 3234 sumamus,

95 3249 240 3324 quoniam
267 3247 364 3307 adhuc
390 3267 450 3306 non
478 3248 633 3321 habemuS,
661 3266 713 3306 cur
736 3248 771 3306 de
796 3247 853 3307 hac
875 3268 907 3306 re
935 3248 1119 3321 dubitemus,

95 3356 163 3396 cum
193 3336 345 3397 Antonius
377 3337 522 3413 expressis
553 3338 652 3396 verbis
680 3336 763 3396 Tulli
795 3355 868 3412 opus
897 3356 915 3396 a
942 3356 973 3396 se
1003 3337 1112 3396 lectum

94 3445 159 3487 esse
196 3426 285 3485 dicat.
341 3425 427 3496 Quod
463 3428 490 3484 si
525 3425 692 3500 fecerimus,
730 3428 907 3503 quicumque
944 3428 1116 3486 accuratius

94 3515 221 3575 Antonii
248 3514 342 3576 rerba
368 3515 586 3592 contemplatus
614 3518 688 3597 erit,
713 3517 899 3592 scriptorem
909 3512 1137 3584 transumit*
