2422 3856
467 158 696 214 FRAGMENTA
1050 156 1093 221 89

236 312 345 372 Omnes
368 315 469 370 autem
490 312 570 370 cives
588 312 669 369 iuste
684 309 869 387 principibus
888 313 918 370 et
935 311 1093 388 magistra-

234 403 315 462 tibus
327 400 443 460 tributu
461 399 587 477 pendere
602 403 739 476 oportere
757 399 832 459 dico.
870 398 955 469 Quod
972 403 1000 459 si
1016 401 1093 460 fece-

227 493 305 566 rint,
328 489 465 568 princeps
484 507 534 549 eos
556 488 690 548 tuebitur
708 492 739 549 et
757 488 889 548 servabit
906 508 1008 548 eorum
1025 492 1094 548 iure

234 585 265 640 et
286 580 464 639 libertatem.
510 578 551 637 nt
572 581 638 637 iure
661 578 782 654 quidem
804 577 842 638 ob
868 579 946 636 hone
968 598 1032 637 rem
1054 581 1094 638 iis

203 676 205 680 ‘
236 671 287 746 qui
322 668 534 729 administrent
568 686 616 727 res
652 667 788 744 publicas
824 665 980 726 oboeditur
1010 668 1096 745 iique

234 760 308 818 iusti
330 758 513 836 perfectique
536 756 685 833 principes
708 755 948 833 appellabuntur.

146 875 249 929 Anton.
270 879 319 942 32,
334 878 502 941 28-34,6
521 875 580 941 (26,
595 879 701 927 4-1n
717 871 754 940 S).
803 873 899 926 Peuce
929 871 981 925 illu
1008 873 1097 927 verbo

70 947 234 1019 prece‘liepee
257 948 291 1014 (v.
311 945 407 1000 Cicero
426 944 462 998 de
484 943 560 1015 legg.
579 943 679 1011 11111;
698 946 744 1014 44)
768 945 798 997 et
819 960 871 1012 que
888 944 948 998 eelz
967 961 1004 998 cu
1022 946 1095 999 lesere

72 1018 276 1087 predecessores
293 1032 382 1085 usque
400 1015 438 1069 sd
461 1022 599 1085 aequem
618 1014 717 1082 omisi,
737 1030 811 1082 quoe
834 1014 872 1068 ud
888 1030 934 1070 ree
952 1014 1093 1070 Minoum

75 1105 131 1143 non
164 1088 304 1157 qusdrsre
336 1102 432 1141 omnes
463 1085 639 1157 intellegent.
691 1085 768 1150 Quae
801 1086 903 1140 deinde
935 1091 983 1154 34,
1005 1093 1093 1142 o-14

29 1171 34 1180 ·
75 1164 129 1228 (26,
142 1166 173 1214 11
185 1190 219 1200 —
232 1163 265 1212 19
276 1158 304 1229 S)
325 1161 487 1230 sequuntur,
506 1157 646 1212 Antonius
660 1159 693 1212 ut
707 1173 758 1211 eus
776 1157 897 1227 profert,
915 1157 951 1212 de
969 1175 1026 1228 quo
1045 1176 1097 1213 eur

74 1230 251 1298 dubitemne,
270 1247 327 1284 non
344 1229 489 1284 hebemus.
527 1228 623 1283 Etiam
640 1228 688 1283 hio
707 1228 809 1298 eapitis
827 1244 960 1282 numeros
979 1229 1037 1299 (XI)
1057 1229 1093 1284 ab

74 1302 199 1358 Antonio
217 1301 347 1367 nentur,
367 1301 417 1354 sed
431 1316 464 1355 eo
483 1301 525 1354 uti
544 1316 601 1355 non
619 1317 776 1369 possumus,
795 1300 872 1370 quod
889 1300 999 1356 numen·
1018 1300 1094 1370 cepi-

74 1377 135 1429 tum
165 1391 235 1442 quos
253 1373 393 1428 Antonius
421 1369 503 1426 effert
527 1389 590 1426 cum
617 1372 721 1426 nostris
743 1388 800 1426 non
823 1374 994 1442 congruunt,
1018 1372 1095 1442 quod

76 1462 162 1514 supro
179 1463 206 1514 p.
222 1450 257 1498 64
267 1461 309 1513 eq.
329 1444 459 1498 diximus.

566 1615 605 1671 17

302 1737 405 1796 Primo
422 1737 470 1796 lex
489 1737 625 1796 Romanu
642 1737 727 1796 iubet
744 1756 799 1814 pro
816 1739 882 1796 iure
901 1741 932 1796 et
954 1737 1097 1797 libertate

236 1845 320 1884 orme,
343 1845 448 1903 cepere
476 1831 506 1886 et
534 1827 572 1885 ad
602 1831 728 1887 mortem
755 1829 896 1904 peretum
924 1845 995 1886 esse.
1042 1825 1094 1886 Se·

236 1915 331 1974 cunda
349 1935 420 1975 vero
438 1916 487 1975 lex
503 1917 641 1994 imperet,
663 1919 699 1974 ut
716 1918 868 1993 principes
884 1916 928 1975 rei
947 1915 1094 1992 publicae,

236 2005 314 2063 sicut
331 2004 410 2063 cives
430 2024 530 2064 eorum
545 2005 637 2066 saluti
655 2004 774 2065 studere
788 2005 906 2082 debent,
924 2007 968 2065 ita
983 2005 1093 2064 civium

235 2094 327 2152 saluti
354 2095 552 2171 prospicient,
580 2098 614 2153 ut
637 2094 725 2153 alteri
748 2114 803 2172 pro
827 2095 931 2154 alteris
958 2113 1096 2172 pugnare

235 2188 326 2258 etque
350 2183 442 2241 etium
464 2186 590 2242 mortem
614 2187 754 2261 oppetere
773 2184 908 2243 debeant.
945 2183 1027 2242 Huic
1040 2186 1093 2257 iqi-

234 2276 283 2330 twr
305 2273 361 2346 lepi
379 2275 508 2346 pureum
524 2274 676 2346 principes
695 2276 721 2333 ct
736 2292 800 2332 rem
816 2274 970 2347 publicum
990 2273 1093 2346 quoer-

235 2365 351 2430 nacco,
379 2363 429 2434 qui
450 2362 587 2420 honorem
610 2363 726 2436 assequi
748 2364 877 2436 cupisset.
925 2362 966 2421 At
990 2365 1096 2421 contre

235 2469 324 2525 quem
342 2451 494 2524 honorem,
513 2450 593 2525 quod
605 2452 755 2525 meritum,
773 2470 865 2528 quem
878 2450 999 2509 leudem
1014 2469 1093 2510 asse·

235 2539 287 2614 qui
306 2539 425 2598 videtur
442 2541 468 2598 is
486 2539 633 2616 princeps,
653 2542 706 2615 qui
721 2542 847 2616 propter
860 2539 1021 2600 avaritiam
1040 2543 1094 2598 aut

234 2628 424 2704 tyrannidem
448 2627 651 2704 occupandum
675 2631 728 2688 out
751 2630 842 2688 ulium
865 2649 967 2689 comm
990 2647 1092 2687 cauea·

235 2736 312 2791 rum,
335 2735 410 2792 ques
433 2734 522 2795 scope
545 2716 669 2777 consilio
691 2719 820 2778 notionis
836 2719 951 2796 experti
974 2718 1093 2776 evenire

235 2804 372 2879 diximuS,
394 2807 508 2882 ipsese
527 2808 664 2882 civesque
687 2805 806 2882 perdit?
844 2807 956 2882 Sinis,
978 2807 1031 2883 qui
1049 2808 1093 2864 rei

235 2894 372 2971 publicee
390 2899 517 2972 praeest,
534 2897 566 2954 in
580 2897 727 2955 servanda
746 2900 801 2955 eut
819 2896 1003 2957 defendendo
1021 2895 1093 2954 civi-

234 2987 297 3043 tate
320 2987 447 3043 mortem
466 3004 570 3062 pugne
588 2985 750 3060 occumbet,
773 2989 838 3045 tem
862 2985 994 3064 gloriosa
1012 3003 1096 3044 mors

235 3075 263 3132 ei
284 3073 391 3132 honori
415 3073 481 3149 erit,
504 3075 576 3150 quie
598 3092 745 3134 summum
764 3076 861 3152 legem
885 3075 1017 3134 civitatis
1033 3073 1091 3132 Ro·

234 3181 342 3222 manae
360 3165 498 3224 servavit,
530 3162 690 3224 Praetereo
703 3166 806 3223 sutem
818 3163 949 3241 principi
967 3163 1005 3222 ed
1023 3181 1094 3223 eon·

235 3252 379 3312 ciliendos
399 3253 508 3312 civium
527 3255 641 3313 animos
661 3271 735 3331 opus
758 3255 804 3313 est
826 3271 976 3312 secernere
998 3252 1096 3311 bonos

235 3360 254 3399 u
271 3342 368 3401 malis,

146 3457 248 3511 Annon.
272 3463 320 3523 34,
341 3463 459 3526 14-293
485 3464 534 3525 se,
553 3464 624 3511 4-⁷
639 3464 697 3528 (eo,
713 3463 832 3526 18-31;
860 3463 907 3527 ce,
927 3463 1033 3512 es-ee
1055 3457 1095 3527 s).

76 3526 185 3581 Deinde
212 3543 276 3582 vero
304 3529 444 3584 Antonius
475 3529 588 3584 brevem
615 3529 839 3600 complexionem
865 3529 982 3584 conficit
1006 3532 1100 3592 etone
