2422 3856
96 154 140 217 52
409 154 442 208 II.
463 154 813 210 COMMENTATIONES

97 303 199 364 Cicero
223 305 259 364 de
282 306 339 383 leg.
359 325 420 384 agr.
434 306 467 365 H
486 307 528 366 80
552 306 657 365 laudat
679 309 745 384 agri
769 305 914 382 Campani
936 306 1114 381 bonitatem,

95 395 172 467 qaod
185 397 224 453 eit
236 395 348 467 fundus
365 397 578 468 pulcherrimae
589 397 695 470 populi
708 396 846 465 Romani,
860 401 949 470 caput
957 399 1112 470 pecuniae,

94 484 178 556 pacis
191 489 404 552 ornamentum,
418 485 582 544 subsidium
595 485 670 561 oute,
680 486 906 558 fundumentum
918 485 1113 560 omipoliwm,

95 573 232 632 horream
250 573 404 647 teutonum,
422 575 595 634 solacium
613 592 788 648 annonae,
808 572 1002 650 Campaniam
1021 577 1113 634 inter-

96 661 168 719 dum
186 681 250 720 rem
263 663 489 721 frumentariam
508 663 691 739 expedivisse
710 662 859 723 discimus.
895 664 1001 740 Itaque
1022 667 1113 723 etiam

95 752 161 808 tum
184 751 367 810 frumentum
389 752 457 811 inde
481 753 603 810 Romam
629 752 772 811 collatum
791 770 852 811 esse
875 772 935 812 non
954 754 1018 812 sine
1036 753 1113 812 veri·

96 840 170 898 tatis
194 841 290 915 specie
311 840 487 900 contendere
509 859 674 917 possumne.

163 928 292 1004 Reliqua
306 930 433 1006 denique
447 932 577 1004 nomina,
597 949 672 1006 quae
688 932 739 1005 30,
751 933 862 1006 34sqq.
873 921 939 1011 (25,
952 932 1065 1007 18sqq.
1078 925 1112 1012 S)

96 1017 267 1092 laudantur,
290 1037 350 1076 nno
368 1021 470 1078 tenore
489 1037 703 1095 percurramus.
749 1019 939 1078 Fabricius
963 1022 1010 1078 est
1028 1039 1114 1096 prae-

97 1107 194 1166 clarus
231 1107 283 1166 ille
319 1107 427 1184 Pyrrhi
463 1109 570 1183 victor,
611 1112 658 1168 cni
690 1108 772 1168 Iusto
815 1126 979 1185 cognomen
1021 1103 1113 1168 eratl.

97 1193 272 1256 Camillus
306 1200 406 1256 autem
438 1199 514 1255 vixit
546 1198 667 1256 ineunte
699 1197 817 1258 saeculo
850 1216 876 1256 a.
909 1195 976 1256 Chr.
1010 1219 1038 1256 n.
1070 1197 1115 1257 IV

96 1277 218 1366 (cmv
238 1287 278 1344 18
309 1305 387 1362 sqq.‚
418 1286 570 1347 Plutarch.
599 1278 738 1366 Camill.).
784 1287 924 1346 Marcus
952 1287 1114 1364 Regulus

95 1377 192 1450 primo
219 1374 297 1434 bello
321 1375 434 1435 Punico
462 1368 547 1434 fuit'.
595 1376 705 1446 Quodsi
733 1374 864 1434 Lucius
887 1375 1058 1435 Valerius
1083 1379 1115 1434 in

97 1463 171 1522 viris
194 1464 415 1538 praestantibus
437 1468 620 1540 numeratur,
646 1468 720 1541 puto
744 1465 795 1542 agi
817 1465 853 1523 de
876 1463 968 1524 Lucio
991 1466 1115 1525 Valerio

95 1551 207 1626 Potito,
226 1553 309 1612 cuins
327 1555 439 1613 mentio
459 1554 494 1613 fit
512 1573 530 1614 a
545 1553 692 1627 Cicerone,
708 1555 760 1630 qui
775 1555 856 1613 dere
875 1574 903 1629 p.
914 1553 946 1613 H
961 1555 1003 1613 54
1022 1556 1114 1614 borni»

96 1659 163 1700 uem
179 1643 356 1716 popularem
380 1662 447 1701 enm
470 1644 617 1719 appellat,
639 1662 705 1703 coru
728 1647 868 1710 sanauit,
891 1661 928 1703 ue
951 1647 1002 1717 qai
1019 1647 1114 1720 mopt-

95 1735 206 1789 etrotae
224 1734 287 1790 elue
304 1735 510 1805 prouocatione
528 1737 684 1793 crearetur.
722 1731 840 1791 Similia
863 1731 1004 1791 dicuntur
1022 1736 1115 1793 etiam

95 1819 180 1878 Brut.
201 1820 251 1878 54.
298 1819 355 1889 Qui
384 1821 486 1880 consul
509 1822 568 1881 fnit
596 1840 621 1880 a.
641 1840 670 1880 u.
691 1841 714 1880 c.
736 1823 798 1882 305
822 1813 900 1903 (449
926 1841 952 1881 a.
974 1821 1042 1881 Chr.
1062 1815 1114 1904 n).

97 1908 223 1982 Quintus
241 1911 395 1984 praeterea
414 1911 511 1970 clarus
530 1911 663 1969 habetur.
709 1909 796 1979 Quod
814 1929 922 1969 nomen
941 1915 1116 1988 corruptum

98 2015 160 2056 esse
191 2000 265 2073 puto
302 2018 337 2057 ex
369 1999 522 2075 Quinctio,
561 1998 812 2060 Cincinnatum
845 2000 924 2073 dico,
962 2000 998 2058 de
1031 2003 1116 2060 cuins

98 2086 277 2146 abstinentia
301 2108 328 2147 v.
348 2087 411 2147 Liv.
430 2089 478 2148 HI
498 2090 549 2163 26,
571 2089 695 2164 Dionys.
714 2088 811 2147 Halic.
830 2088 900 2147 Ant.
920 2088 1005 2147 Rom.
1025 2090 1054 2148 X
1075 2091 1115 2147 24

98 2175 182 2234 alios.
214 2175 242 2233 A
275 2175 415 2237 Cicerone
448 2181 547 2237 autem
578 2178 720 2237 laudatur
751 2177 937 2252 compluries,
971 2175 1048 2238 Cato
1081 2178 1116 2237 de

97 2283 156 2323 een.
174 2265 228 2340 56,
258 2264 292 2324 de
316 2286 348 2324 re
375 2266 455 2342 p.II
475 2269 525 2341 63,
553 2266 589 2325 de
616 2267 712 2326 finss
732 2269 781 2325 12.
827 2267 868 2325 Et
896 2265 1020 2342 Scipio
1045 2266 1115 2327 Cor-

96 2354 194 2412 nelius
226 2356 252 2413 is
284 2355 384 2431 fuerit,
417 2357 468 2431 qni
501 2355 592 2415 etiam
623 2359 655 2415 in
683 2355 833 2415 Ciceronis
866 2355 902 2414 de
930 2375 963 2414 re
993 2356 1116 2432 publica

96 2443 181 2501 libris
210 2443 354 2503 disserens
386 2444 538 2505 inducitur
570 2444 605 2503 de
638 2445 751 2520 optimo
785 2447 866 2504 statu
893 2446 937 2503 rei
967 2445 1115 2521 publicae,

96 2531 221 2590 Publius
246 2530 398 2592 Cornelius
428 2533 527 2611 Scipio
550 2534 710 2593 Africanus
736 2533 931 2593 Aemilianus
977 2535 1114 2594 Brutus

97 2623 191 2697 igitur
213 2621 336 2680 ultimus
359 2626 461 2682 restat.
508 2622 594 2693 Quod
617 2642 724 2682 nomen
749 2642 766 2681 a
785 2625 850 2682 viro
871 2622 958 2682 docto
979 2621 1114 2684 Cnetafs·

98 2728 152 2768 son
171 2728 206 2767 ex
224 2710 350 2770 lectione
370 2714 510 2788 corrupta
528 2716 606 2772 recte
625 2732 691 2771 mea
711 2712 831 2789 quidem
850 2714 999 2771 sententia
1019 2733 1114 2772 emen-

97 2798 202 2856 datum
220 2817 284 2858 esse
305 2802 367 2859 iam
390 2818 480 2876 supra
502 2822 530 2877 p.
547 2804 587 2861 32
609 2802 710 2861 adut
732 2802 970 2861 commemoravi.
1016 2802 1047 2862 Is
1071 2805 1114 2862 est

96 2887 201 2947 Iunius
223 2889 337 2948 Brutus
361 2891 413 2965 qui
435 2910 519 2967 reges
543 2891 637 2950 Roma
662 2892 784 2966 expulit.
830 2891 920 2966 Apud
944 2889 1115 2952 Ciceronem

96 2995 184 3053 saepe
207 2978 292 3037 nobis
316 2981 452 3056 occurrit,
475 2980 592 3040 Phil.H
607 2981 659 3054 26,
677 2981 704 3037 X
721 2983 771 3053 15,
790 2980 826 3039 de
845 2979 951 3039 offiffl
965 2982 1008 3041 40
1033 2981 1115 3040 alibi.

98 3065 274 3126 Simillimne
303 3070 404 3126 antem
431 3071 476 3128 est
503 3069 585 3129 locus
609 3069 758 3128 Ciceronis
786 3089 840 3144 pro
865 3070 939 3128 Sest.
958 3071 1037 3144 143,
1065 3070 1115 3128 ubi

96 3176 158 3215 una
186 3175 253 3214 cum
281 3154 416 3217 Camillis
438 3158 582 3216 Fabriciis
608 3158 795 3233 Scipionibus
818 3158 907 3216 Bruti
934 3158 1115 3234 exemplaria

98 3244 183 3304 nobie
206 3248 422 3322 proponuntur.
459 3248 617 3307 Praeterea
640 3248 733 3306 talem
756 3248 862 3307 seriem
881 3247 1016 3306 virorum
1034 3248 1114 3306 inre

188 3455 214 3520 1)
234 3451 434 3507 Onomaeticon
452 3452 614 3507 Tullianum
628 3454 654 3506 Π
668 3459 728 3507 248.
820 3455 847 3521 2)
866 3451 899 3505 V.
915 3419 1114 3508 Onomaeticon

87 3521 254 3575 Tullianum
268 3523 300 3576 H
310 3529 346 3578 86
365 3543 386 3580 s.
399 3543 422 3579 v.
437 3524 566 3581 Attiliue.
580 3525 720 3596 Imprimis
740 3523 875 3594 inspicias
895 3523 931 3579 de
949 3521 996 3578 off.
1011 3524 1024 3577 I
1039 3528 1080 3577 89.
