2422 3856
479 155 533 206 LA
552 152 719 207 SALADE
1072 153 1110 216 17

95 298 151 381 qui
175 297 280 361 dulcia
303 295 401 361 verba
423 318 490 360 non
516 297 656 362 habeant
683 319 787 381 neque
814 299 896 363 bene
923 297 1014 383 loqui
1042 321 1113 383 pos·

94 398 173 478 sint,
204 416 299 479 quos,
327 395 353 458 si
382 395 497 459 melius
525 395 616 478 loqui
644 400 790 480 possent,
821 397 854 460 id
876 398 1019 463 facturos
1043 419 1112 460 esse

94 493 279 558 existimare
303 491 469 577 debemus,
493 493 590 556 etiam
609 514 704 578 saepe
726 495 866 579 principi
885 494 986 559 videri
1008 496 1112 578 possit

95 591 219 674 aliquid
233 612 299 655 non
317 590 398 655 bene
413 591 535 656 dictum
549 612 628 674 esse,
647 591 734 676 quod
749 592 821 656 aliis
836 592 995 678 videatur,
1014 615 1113 677 quare

95 688 245 755 convenit
264 710 375 753 omnes
394 689 556 773 principes
573 688 608 752 in
625 689 846 773 respondendo
862 712 970 757 comes
988 712 1113 774 semper

95 809 172 850 1111.
219 786 304 851 Nam
328 808 365 850 eo
391 786 478 870 quod
502 787 639 874 benigne
663 787 812 872 audiunt,
839 810 907 853 sese
931 790 1053 873 optime
1077 811 1113 853 ea

94 885 282 969 cognovisse
307 884 493 969 ostendunt,
522 888 554 948 et
578 885 719 949 suaviter
739 886 935 971 ,respondere
958 885 1112 952 audienti-

95 983 156 1046 bus
185 983 452 1049 iucundissimum
480 987 529 1047 est
557 987 589 1046 et
618 983 672 1047 dat
699 984 817 1069 pignus
846 983 973 1051 consilii
1005 1007 1112 1051 ueces-

95 1081 179 1145 sarii.
224 1081 268 1144 Et
296 1081 342 1145 eis
369 1081 466 1145 rebus
494 1103 575 1165 quae
603 1080 724 1146 habent
751 1082 908 1152 rationem
932 1082 1113 1149 consentire

94 1179 218 1243 iustitia
251 1182 312 1262 est,
345 1201 361 1242 1
390 1201 453 1263 qua
485 1180 625 1262 pendent
655 1200 766 1244 omnes
798 1180 940 1264 reliquae
967 1181 1112 1245 virtutes.

93 1276 137 1340 Et
162 1278 188 1341 si
208 1276 280 1361 quis
303 1297 369 1340 non
389 1277 581 1362 assequitur,
603 1281 642 1341 ut
660 1277 817 1363 audiatur,
841 1281 897 1342 aut
915 1278 943 1343 si
962 1277 1112 1343 dominus

93 1397 166 1438 eum
191 1376 236 1439 ita
260 1374 393 1457 audivit,
416 1379 453 1438 ut
475 1375 629 1458 permulti
651 1374 784 1458 faciunt,
808 1377 864 1459 qui
884 1397 976 1440 aures
995 1381 1028 1440 et
1047 1377 1112 1441 ani·

94 1495 183 1536 mum
208 1471 363 1537 aliorsum
387 1473 572 1557 advertunt,
602 1496 701 1556 quare
728 1477 841 1557 postea
864 1473 1012 1538 nesciunt
1034 1475 1113 1559 quid

94 1570 317 1653 respondeant,
341 1593 415 1635 nam
438 1570 588 1636 nesciunt
611 1571 689 1656 quid
712 1572 793 1635 alter
813 1571 938 1655 dixerit,
962 1576 1002 1655 et,
1026 1573 1113 1657 quod

93 1667 186 1750 peius
209 1672 270 1751 est,
300 1668 388 1751 quod
411 1668 534 1733 domini
562 1672 637 1732 sunt
662 1669 718 1752 qui
742 1690 815 1733 eum
839 1669 895 1752 qui
923 1673 1017 1754 rogat
1040 1669 1077 1734 ill
1101 1708 1112 1717 -

94 1765 184 1829 dant:
207 1769 278 1830 tum
301 1788 424 1851 pauper
447 1766 502 1831 ille
526 1767 660 1851 supplex
684 1768 740 1851 qui
760 1790 799 1833 ex
817 1768 996 1854 longinquo
1015 1769 1112 1848 venit,

93 1867 130 1926 ut
152 1886 242 1928 suam
262 1886 329 1928 rem
349 1869 559 1949 consumeret,
583 1866 798 1948 proficiscitur
817 1870 849 1931 et
866 1866 955 1931 videt
978 1889 1011 1930 se
1030 1865 1113 1930 nihil

94 1962 244 2044 effecisse,
263 1984 371 2027 secum
391 1985 598 2047 conquerens,
617 1963 704 2046 quod
718 1962 867 2028 dominus
882 1964 988 2048 ipsum
1008 1985 1112 2049 asper-

94 2064 190 2123 natus
215 2064 275 2143 est,
298 2059 375 2123 lieet
398 2061 569 2126 minimum
593 2082 666 2126 eum
689 2064 859 2146 spreverit,
882 2061 992 2144 itaque
1015 2061 1112 2125 rebus

96 2157 161 2220 suis
193 2157 371 2240 desperans
408 2158 477 2222 abit
513 2162 544 2222 et
582 2158 650 2223 dies
691 2163 867 2242 noctesque
907 2159 991 2223 nihil
1022 2159 1111 2223 aliud

94 2255 172 2319 facit
209 2257 273 2320 nisi
309 2256 431 2341 cogitat
468 2261 500 2321 et
536 2278 555 2319 a
590 2257 648 2322 deo
684 2257 784 2321 alium
819 2257 986 2322 dominum
1021 2257 1112 2341 petit,

94 2353 204 2416 dicens
236 2354 326 2418 nullo
359 2352 455 2419 modo
488 2354 558 2419 fieri
590 2376 698 2440 posse,
729 2359 767 2420 ut
799 2357 891 2438 peius
924 2355 987 2419 sibi
1020 2359 1112 2419 esset.

94 2449 217 2515 Deinde
246 2453 331 2516 inter
358 2474 391 2519 se
419 2457 622 2518 murmurant
650 2456 772 2519 secreto
805 2456 837 2516 et
865 2452 962 2516 eorda
989 2473 1111 2517 veneno

94 2548 156 2613 sibi
180 2549 341 2633 imbuunt,
364 2555 397 2615 et
418 2551 487 2614 vias
506 2556 665 2635 quaerunt
684 2549 801 2635 quibus
826 2548 926 2614 alium
945 2549 1110 2614 dominum

93 2646 241 2712 habeant.
274 2645 388 2732 Itaque
406 2650 510 2713 sciant
529 2670 640 2713 omnes
658 2648 820 2733 principes
838 2646 921 2711 nihil
939 2648 974 2712 in
992 2649 1111 2712 mundo

92 2746 183 2828 peius
212 2768 281 2811 esse
309 2750 341 2810 et
367 2747 472 2833 magis
500 2746 596 2811 corda
618 2746 740 2811 violare
768 2768 865 2830 quam
894 2745 1016 2810 domini
1040 2768 1112 2810 con-

92 2842 312 2927 temptionem.
344 2844 389 2909 Et
402 2866 467 2928 quo
482 2844 609 2908 animus
624 2847 750 2928 spretus
766 2849 814 2909 est
827 2845 1050 2928 praestantior,
1075 2865 1111 2907 eo

95 2941 167 3024 plus
192 2943 279 3007 dolet
303 2946 335 3005 et
358 2944 489 3029 cogitat.
536 2942 675 3006 Proinde
703 2941 813 3007 nullus
841 2942 990 3026 princeps
1018 2945 1112 3026 putet

95 3061 287 3125 quemquam
304 3040 366 3104 sibi
387 3063 456 3106 esse
475 3045 540 3105 tam
555 3041 696 3107 amicum
715 3043 771 3104 aut
789 3039 992 3122 familiarem,
1011 3040 1112 3123 cuius,

95 3158 169 3201 cum
192 3160 224 3202 se
247 3139 288 3204 ab
313 3138 369 3204 illo
394 3139 502 3224 aliquo
526 3138 623 3203 modo
646 3141 869 3221 contemptum
888 3137 1004 3222 videat,
1027 3138 1112 3202 bona

94 3233 244 3298 voluntas
262 3257 329 3300 non
352 3237 550 3300 immutetur.
587 3236 631 3301 nt
649 3236 732 3300 hanc
750 3257 818 3299 rem
838 3239 924 3300 certa
943 3237 1111 3301 certiorem

94 3331 212 3396 habere
245 3334 338 3399 debet
370 3356 404 3398 11
436 3356 501 3398 non
533 3334 721 3420 gavisurum
749 3355 817 3398 esse
844 3334 1002 3398 molestiis
1031 3356 1112 3418 quae

93 3429 156 3494 sibi
183 3431 326 3496 accidere
354 3434 493 3518 possint,
521 3431 597 3497 licet
624 3431 729 3497 honor
756 3432 826 3516 ipse
849 3432 883 3495 in
906 3453 944 3497 eo
967 3432 1113 3514 periculo

93 3529 233 3594 nonsit.
280 3531 324 3595 At
353 3531 380 3593 si
408 3530 558 3617 princeps
586 3529 680 3597 audit
709 3533 743 3594 et
768 3528 960 3611 respondet
975 3523 1155 3592 hemam,

143 3645 220 3692 suppl
234 3645 334 3686 Ciceros.
348 3647 385 3686 ed.
397 3647 612 3701 Knoetlinger.
975 3627 1001 3669 ἢ·
