2422 3856
93 147 136 211 82
405 146 503 200 LIBRI
520 145 570 200 DE
588 145 807 201 VIRTUTIBUS

91 307 124 346 ox
143 290 235 350 cuniis
253 290 338 345 huius
352 291 442 358 pertis
457 289 548 373 solunn
566 289 916 374 orgunientumtoxeoripei
936 292 965 345 et
983 289 1014 345 in
1032 289 1107 417 liobg-

90 364 248 417 mentorum
271 377 418 415 numerum
440 377 534 430 recepi
556 379 624 416 ueue
643 378 679 415 us
701 361 804 429 verbis,
827 378 899 430 quoe
918 363 955 417 do
972 379 1043 431 poco
1084 381 1105 416 1-

92 449 154 488 ceto
172 432 242 487 fecit
265 433 301 487 de
324 431 446 487 off.13o
466 434 555 488 eleo.
592 431 688 486 Etiam
711 431 746 486 de
770 448 800 486 re
825 450 852 502 p.
872 432 910 487 111
928 438 1019 504 susq.
1043 451 1106 488 con·

91 504 205 560 foretur.
243 503 285 558 De
303 503 463 558 nominibus
483 508 577 574 cutem
596 503 709 557 urbium
728 520 812 573 supro
830 522 857 574 p.
873 511 907 559 45
926 505 981 576 egi

580 798 620 856 10

319 921 490 981 Affebilitos
519 940 554 980 ee
583 924 630 981 est
655 941 716 996 res,
747 942 823 998 quoe
849 923 1014 1000 plurimum
1042 945 1107 985 con·

252 1011 312 1070 lert
339 1011 377 1070 ad
405 1029 519 1084 omnes,
543 1029 619 1086 quoe
647 1015 732 1086 sunt,
761 1014 901 1086 vi1tuteS‚
929 1031 998 1072 cum
1027 1015 1108 1074 nullo

253 1119 315 1160 esse
344 1103 441 1175 possit
472 1100 581 1175 virtus,
613 1101 671 1158 nisi
700 1100 737 1159 ed
767 1121 832 1160 eum
863 1101 1022 1162 adiunctae
1049 1104 1109 1163 sint

252 1189 448 1266 mansuetudo
471 1191 501 1248 ot
520 1188 695 1263 affabilitas
719 1207 785 1249 cum
807 1193 930 1266 propter
953 1209 1004 1250 eas
1029 1194 1108 1269 quis·¹

254 1297 310 1354 quo
351 1277 490 1336 laudetur
531 1281 621 1353 utque
663 1282 792 1355 emetur,
833 1281 961 1340 maxime
1008 1285 1109 1342 nutem

252 1369 399 1443 princepe,
423 1369 475 1442 qui
498 1370 544 1426 est
567 1367 715 1444 specimen
739 1372 770 1428 et
792 1369 944 1444 exemplar
962 1373 1109 1430 omnium:

251 1457 332 1515 huno
360 1459 478 1531 oportet
505 1475 591 1515 cures
617 1457 759 1532 praebere
787 1458 935 1535 omnibus,
965 1461 1019 1537 qui
1042 1478 1107 1535 sup·

252 1547 345 1621 pliccs
369 1565 436 1604 eum
459 1545 570 1625 adeunt
592 1549 622 1605 et
645 1564 694 1604 eos
717 1545 844 1624 benigne
871 1549 962 1624 atque
986 1549 1110 1608 comiter

199 1690 201 1695 .
254 1635 430 1695 auscultare.
484 1634 524 1692 Et
555 1637 716 1710 postquem
746 1636 875 1711 audivit,
906 1655 984 1714 queo
1015 1637 1109 1697 velint

254 1727 285 1783 ot
304 1723 480 1800 supplicent,
498 1723 676 1798 respondere
690 1722 777 1783 debet
796 1743 862 1783 oum
881 1727 1109 1785 mansuetudine

254 1817 284 1872 et
321 1832 411 1888 quam
447 1813 599 1871 celerrime
635 1812 772 1888 precibus
809 1833 923 1889 eorm,
962 1804 1109 1889 quatenus

253 1903 351 1962 iustae
384 1902 451 1977 sint,
485 1900 689 1977 obtemperare
722 1904 751 1961 et
784 1905 917 1978 exsequi,
950 1923 1028 1979 quae
1060 1923 1109 1979 pe

253 1993 375 2050 tierunt.

320 2080 358 2139 A.
391 2081 432 2139 Et
460 2099 513 2158 ego
539 2080 657 2156 quidem
686 2080 852 2155 prinoipem
874 2080 1004 2160 benigne
1027 2082 1110 2140 audi·

254 2169 329 2228 endo
358 2173 388 2228 et
414 2169 618 2245 respondendo
651 2171 761 2228 civium
793 2188 924 2229 umorem
955 2169 1014 2229 sibi
1043 2189 1110 2230 con·

254 2258 357 2317 ciliore
380 2261 464 2333 puto,
489 2258 539 2315 sed
563 2259 588 2316 si
613 2260 679 2333 quis
702 2259 825 2318 insonus
844 2262 874 2318 ot
892 2260 1033 2334 petulans
1059 2264 1111 2320 out

254 2347 365 2406 stultus
389 2365 407 2405 a
429 2348 564 2423 principe
587 2350 679 2424 petet,
709 2348 787 2423 quod
813 2353 914 2425 petere
938 2368 999 2408 non
1021 2348 1112 2409 liceat

255 2438 307 2494 eut
330 2455 389 2511 quo
412 2455 472 2495 non
490 2436 581 2495 liceat
603 2436 724 2512 petendi
743 2457 859 2514 genere,
883 2458 950 2497 eum
972 2439 1110 2515 princeps

255 2526 357 2584 audire
380 2545 453 2582 num
476 2523 583 2584 debet?

321 2615 366 2672 M.
405 2613 504 2687 (luite,
535 2617 596 2688 aio,
627 2617 657 2673 et
679 2615 766 2672 illum
789 2616 906 2690 audiet,
934 2634 1006 2674 num
1033 2619 1112 2689 sunt,

255 2705 308 2779 qui
340 2703 414 2761 bene
446 2704 530 2778 loqui
561 2722 621 2762 non
652 2703 770 2778 possint
802 2709 832 2764 ct
862 2703 989 2780 pulchre
1021 2704 1112 2764 verbo

254 2795 394 2868 prompte
421 2811 480 2851 non
510 2793 652 2866 habeant3
690 2812 763 2868 quos
794 2793 819 2854 si
851 2796 973 2868 possent
1003 2794 1111 2852 melius

254 2883 406 2940 locutuuos
438 2901 501 2940 esse
529 2883 697 2940 existimare
729 2901 784 2942 nos
814 2882 906 2941 decet.
952 2881 994 2940 Et
1023 2900 1112 2959 saepe

256 2972 385 3048 principi
409 2970 524 3045 aliquid
547 2990 638 3047 preve
662 2971 774 3030 dictum
797 2972 929 3046 videtur,
956 2971 1024 3031 aliis
1052 2991 1113 3031 non

254 3059 381 3119 videtur.
426 3060 534 3134 Itaque
562 3079 676 3134 omneS,
706 3061 758 3135 qui
788 3060 955 3138 gubernant
983 3080 1030 3121 res
1059 3081 1112 3138 pu·

255 3149 361 3225 blioes‚
394 3169 465 3227 erge
492 3168 593 3209 omnes
621 3149 755 3208 affabiles
779 3168 841 3209 esse
864 3149 1005 3209 convenit
1027 3151 1059 3208 et
1081 3151 1113 3208 in

254 3238 459 3313 respondendo
495 3256 601 3298 comes.
660 3239 740 3297 Nem
776 3257 822 3313 eo,
865 3238 944 3314 qnod
985 3238 1113 3317 benigne

256 3327 390 3400 audiunt,
415 3346 476 3387 sese
501 3345 537 3386 ec
560 3330 671 3404 optime
691 3330 864 3405 cognovisse
888 3327 1059 3404 ostendunt,
1083 3331 1113 3387 et

255 3415 421 3475 liberaliter
447 3416 625 3492 respondero
652 3416 837 3493 supplicibus
863 3417 1113 3478 iucundissimum

255 3509 300 3566 est
323 3508 354 3566 et
372 3508 493 3584 signum
510 3506 681 3565 modestiae.
727 3506 767 3564 Et
789 3507 836 3580 iis,
863 3525 942 3581 quoe
964 3509 1113 3568 notionem
