<?xml version="1.0" encoding="UTF-8"?>
<!DOCTYPE html PUBLIC "-//W3C//DTD XHTML 1.0 Transitional//EN"
    "http://www.w3.org/TR/xhtml1/DTD/xhtml1-transitional.dtd">
<html xmlns="http://www.w3.org/1999/xhtml" xml:lang="en" lang="en">
 <head>
  <title>
</title>
<meta http-equiv="Content-Type" content="text/html;charset=utf-8" />
  <meta name='ocr-system' content='tesseract 3.04.00' />
  <meta name='ocr-capabilities' content='ocr_page ocr_carea ocr_par ocr_line ocrx_word'/>
</head>
<body>
  <div class='ocr_page' id='page_1' title='image "./devirtutibuslib01salegoog_0046.png"; bbox 0 0 2422 3856; ppageno 0'>
   <div class='ocr_carea' id='block_1_1' title="bbox 484 149 1112 214">
    <p class='ocr_par' dir='ltr' id='par_1_1' title="bbox 484 149 1112 214">
     <span class='ocr_line' id='line_1_1' title="bbox 484 149 1112 214; baseline -0.003 -8"><span class='ocrx_word' id='word_1_1' title='bbox 484 151 540 206; x_wconf 77' lang='lat' dir='ltr'><strong>LA</strong></span> <span class='ocrx_word' id='word_1_2' title='bbox 559 151 727 207; x_wconf 81' lang='lat' dir='ltr'><strong><em>SALADE</em></strong></span> <span class='ocrx_word' id='word_1_3' title='bbox 1070 149 1112 214; x_wconf 85' lang='lat'><strong>35</strong></span> 
     </span>
    </p>
   </div>
   <div class='ocr_carea' id='block_1_2' title="bbox 91 295 1119 2342">
    <p class='ocr_par' dir='ltr' id='par_1_2' title="bbox 91 295 1119 2342">
     <span class='ocr_line' id='line_1_2' title="bbox 92 295 1115 383; baseline -0.001 -23"><span class='ocrx_word' id='word_1_4' title='bbox 92 297 178 360; x_wconf 91' lang='lat' dir='ltr'><strong>tueri</strong></span> <span class='ocrx_word' id='word_1_5' title='bbox 206 299 239 360; x_wconf 92' lang='lat' dir='ltr'><strong>et</strong></span> <span class='ocrx_word' id='word_1_6' title='bbox 266 317 392 361; x_wconf 87' lang='lat' dir='ltr'><strong>servare</strong></span> <span class='ocrx_word' id='word_1_7' title='bbox 420 296 492 362; x_wconf 84' lang='lat' dir='ltr'><strong>iura</strong></span> <span class='ocrx_word' id='word_1_8' title='bbox 522 295 694 383; x_wconf 79' lang='lat' dir='ltr'><strong>privilegia</strong></span> <span class='ocrx_word' id='word_1_9' title='bbox 725 296 904 380; x_wconf 71' lang='lat' dir='ltr'><strong>libertates,</strong></span> <span class='ocrx_word' id='word_1_10' title='bbox 938 319 1019 381; x_wconf 88' lang='lat' dir='ltr'><strong>quae</strong></span> <span class='ocrx_word' id='word_1_11' title='bbox 1041 296 1115 380; x_wconf 75' lang='lat' dir='ltr'><strong>&#39;ipsi</strong></span> 
     </span>
     <span class='ocr_line' id='line_1_3' title="bbox 94 393 1115 468; baseline 0 -10"><span class='ocrx_word' id='word_1_12' title='bbox 94 394 181 458; x_wconf 82' lang='lat' dir='ltr'><strong>cives</strong></span> <span class='ocrx_word' id='word_1_13' title='bbox 208 393 260 458; x_wconf 84' lang='lat' dir='ltr'><strong>vel</strong></span> <span class='ocrx_word' id='word_1_14' title='bbox 289 416 401 460; x_wconf 90' lang='lat' dir='ltr'><strong>eorum</strong></span> <span class='ocrx_word' id='word_1_15' title='bbox 430 395 570 468; x_wconf 84' lang='lat' dir='ltr'><strong>maiores</strong></span> <span class='ocrx_word' id='word_1_16' title='bbox 599 394 724 460; x_wconf 86' lang='lat' dir='ltr'><strong>meritis</strong></span> <span class='ocrx_word' id='word_1_17' title='bbox 754 396 820 459; x_wconf 90' lang='lat' dir='ltr'><strong>suis</strong></span> <span class='ocrx_word' id='word_1_18' title='bbox 848 399 881 459; x_wconf 90' lang='lat' dir='ltr'><strong>et</strong></span> <span class='ocrx_word' id='word_1_19' title='bbox 909 395 991 460; x_wconf 90' lang='lat' dir='ltr'><strong>bene</strong></span> <span class='ocrx_word' id='word_1_20' title='bbox 1020 393 1115 459; x_wconf 79' lang='lat' dir='ltr'><strong>fastis</strong></span> 
     </span>
     <span class='ocr_line' id='line_1_4' title="bbox 93 491 1114 578; baseline 0 -22"><span class='ocrx_word' id='word_1_21' title='bbox 93 492 203 577; x_wconf 89' lang='lat' dir='ltr'><strong>adepti</strong></span> <span class='ocrx_word' id='word_1_22' title='bbox 236 496 324 559; x_wconf 83' lang='lat' dir='ltr'><strong>sunt:</strong></span> <span class='ocrx_word' id='word_1_23' title='bbox 356 491 402 557; x_wconf 85' lang='lat' dir='ltr'><strong>ita</strong></span> <span class='ocrx_word' id='word_1_24' title='bbox 434 492 520 557; x_wconf 90' lang='lat' dir='ltr'><strong>enim</strong></span> <span class='ocrx_word' id='word_1_25' title='bbox 553 496 706 576; x_wconf 86' lang='lat' dir='ltr'><strong>poterunt</strong></span> <span class='ocrx_word' id='word_1_26' title='bbox 738 493 844 560; x_wconf 82' lang='lat' dir='ltr'><strong>disere</strong></span> <span class='ocrx_word' id='word_1_27' title='bbox 873 497 906 558; x_wconf 90' lang='lat' dir='ltr'><strong>et</strong></span> <span class='ocrx_word' id='word_1_28' title='bbox 935 514 995 578; x_wconf 89' lang='lat' dir='ltr'><strong>pro</strong></span> <span class='ocrx_word' id='word_1_29' title='bbox 1026 496 1114 556; x_wconf 84' lang='lat' dir='ltr'><strong>certo</strong></span> 
     </span>
     <span class='ocr_line' id='line_1_5' title="bbox 91 589 1116 657; baseline -0.002 -2"><span class='ocrx_word' id='word_1_30' title='bbox 91 589 213 656; x_wconf 87' lang='lat' dir='ltr'><strong>habere</strong></span> <span class='ocrx_word' id='word_1_31' title='bbox 236 590 299 656; x_wconf 93' lang='lat' dir='ltr'><strong>sibi</strong></span> <span class='ocrx_word' id='word_1_32' title='bbox 322 589 509 657; x_wconf 77' lang='lat' dir='ltr'><strong>oboeditum</strong></span> <span class='ocrx_word' id='word_1_33' title='bbox 532 591 573 655; x_wconf 89' lang='lat' dir='ltr'><strong>iri</strong></span> <span class='ocrx_word' id='word_1_34' title='bbox 592 594 624 655; x_wconf 91' lang='lat' dir='ltr'><strong>et</strong></span> <span class='ocrx_word' id='word_1_35' title='bbox 648 612 681 654; x_wconf 92' lang='lat' dir='ltr'><strong>se</strong></span> <span class='ocrx_word' id='word_1_36' title='bbox 699 613 792 656; x_wconf 84' lang='lat' dir='ltr'><strong>veros</strong></span> <span class='ocrx_word' id='word_1_37' title='bbox 817 591 965 656; x_wconf 88' lang='lat' dir='ltr'><strong>dominos</strong></span> <span class='ocrx_word' id='word_1_38' title='bbox 988 591 1116 655; x_wconf 89' lang='lat' dir='ltr'><strong>futuros</strong></span> 
     </span>
     <span class='ocr_line' id='line_1_6' title="bbox 93 687 1116 773; baseline -0.002 -20"><span class='ocrx_word' id='word_1_39' title='bbox 93 709 171 753; x_wconf 89' lang='lat' dir='ltr'><strong>esse.</strong></span> <span class='ocrx_word' id='word_1_40' title='bbox 208 687 292 755; x_wconf 89' lang='lat' dir='ltr'><strong>Nam</strong></span> <span class='ocrx_word' id='word_1_41' title='bbox 317 710 429 754; x_wconf 89' lang='lat' dir='ltr'><strong>omnes</strong></span> <span class='ocrx_word' id='word_1_42' title='bbox 448 710 529 773; x_wconf 89' lang='lat' dir='ltr'><strong>quos</strong></span> <span class='ocrx_word' id='word_1_43' title='bbox 552 688 680 773; x_wconf 85' lang='lat' dir='ltr'><strong>inspexi</strong></span> <span class='ocrx_word' id='word_1_44' title='bbox 702 688 804 754; x_wconf 89' lang='lat' dir='ltr'><strong>libros</strong></span> <span class='ocrx_word' id='word_1_45' title='bbox 829 692 861 754; x_wconf 93' lang='lat' dir='ltr'><strong>et</strong></span> <span class='ocrx_word' id='word_1_46' title='bbox 885 687 1043 773; x_wconf 90' lang='lat' dir='ltr'><strong>quidquid</strong></span> <span class='ocrx_word' id='word_1_47' title='bbox 1064 710 1116 754; x_wconf 86' lang='lat' dir='ltr'><strong>ex-</strong></span> 
     </span>
     <span class='ocr_line' id='line_1_7' title="bbox 92 785 1116 873; baseline -0.002 -22"><span class='ocrx_word' id='word_1_48' title='bbox 92 785 252 872; x_wconf 86' lang='lat' dir='ltr'><strong>perientia</strong></span> <span class='ocrx_word' id='word_1_49' title='bbox 283 788 451 852; x_wconf 80' lang='lat' dir='ltr'><strong>oculorum</strong></span> <span class='ocrx_word' id='word_1_50' title='bbox 484 785 594 871; x_wconf 79' lang='lat' dir='ltr'><strong>didici,</strong></span> <span class='ocrx_word' id='word_1_51' title='bbox 631 787 771 873; x_wconf 80' lang='lat' dir='ltr'><strong>cognovi</strong></span> <span class='ocrx_word' id='word_1_52' title='bbox 808 786 959 852; x_wconf 88' lang='lat' dir='ltr'><strong>omnibus</strong></span> <span class='ocrx_word' id='word_1_53' title='bbox 991 785 1116 850; x_wconf 86' lang='lat' dir='ltr'><strong>viribus</strong></span> 
     </span>
     <span class='ocr_line' id='line_1_8' title="bbox 93 883 1116 969; baseline -0.002 -20"><span class='ocrx_word' id='word_1_54' title='bbox 93 885 165 949; x_wconf 84' lang='lat' dir='ltr'><strong>iura</strong></span> <span class='ocrx_word' id='word_1_55' title='bbox 201 906 259 949; x_wconf 84' lang='lat' dir='ltr'><strong>sua</strong></span> <span class='ocrx_word' id='word_1_56' title='bbox 296 904 455 969; x_wconf 88' lang='lat' dir='ltr'><strong>quemque</strong></span> <span class='ocrx_word' id='word_1_57' title='bbox 493 884 637 949; x_wconf 88' lang='lat' dir='ltr'><strong>obtinere</strong></span> <span class='ocrx_word' id='word_1_58' title='bbox 674 885 812 950; x_wconf 90' lang='lat' dir='ltr'><strong>studere.</strong></span> <span class='ocrx_word' id='word_1_59' title='bbox 858 884 951 962; x_wconf 85' lang='lat' dir='ltr'><strong>Quod</strong></span> <span class='ocrx_word' id='word_1_60' title='bbox 989 883 1016 948; x_wconf 92' lang='lat' dir='ltr'><strong>si</strong></span> <span class='ocrx_word' id='word_1_61' title='bbox 1050 905 1116 948; x_wconf 95' lang='lat' dir='ltr'><strong>non</strong></span> 
     </span>
     <span class='ocr_line' id='line_1_9' title="bbox 93 981 1117 1068; baseline -0.003 -20"><span class='ocrx_word' id='word_1_62' title='bbox 93 986 258 1068; x_wconf 84' lang='lat' dir='ltr'><strong>potestat</strong></span> <span class='ocrx_word' id='word_1_63' title='bbox 282 1004 315 1047; x_wconf 90' lang='lat' dir='ltr'><strong>se</strong></span> <span class='ocrx_word' id='word_1_64' title='bbox 339 983 479 1068; x_wconf 90' lang='lat' dir='ltr'><strong>opprimi</strong></span> <span class='ocrx_word' id='word_1_65' title='bbox 502 982 599 1067; x_wconf 80' lang='lat' dir='ltr'><strong>videt,</strong></span> <span class='ocrx_word' id='word_1_66' title='bbox 623 982 700 1048; x_wconf 87' lang='lat' dir='ltr'><strong>deus</strong></span> <span class='ocrx_word' id='word_1_67' title='bbox 725 984 794 1068; x_wconf 87' lang='lat' dir='ltr'><strong>soit,</strong></span> <span class='ocrx_word' id='word_1_68' title='bbox 819 982 897 1067; x_wconf 90' lang='lat' dir='ltr'><strong>quid</strong></span> <span class='ocrx_word' id='word_1_69' title='bbox 919 981 975 1046; x_wconf 88' lang='lat' dir='ltr'><strong>illo</strong></span> <span class='ocrx_word' id='word_1_70' title='bbox 997 982 1059 1046; x_wconf 86' lang='lat' dir='ltr'><strong>hae</strong></span> <span class='ocrx_word' id='word_1_71' title='bbox 1082 981 1117 1045; x_wconf 89' lang='lat' dir='ltr'><strong>in</strong></span> 
     </span>
     <span class='ocr_line' id='line_1_10' title="bbox 93 1080 1116 1167; baseline 0 -23"><span class='ocrx_word' id='word_1_72' title='bbox 93 1101 129 1145; x_wconf 89' lang='lat' dir='ltr'><strong>re</strong></span> <span class='ocrx_word' id='word_1_73' title='bbox 152 1081 275 1167; x_wconf 80' lang='lat' dir='ltr'><strong>cogitet</strong></span> <span class='ocrx_word' id='word_1_74' title='bbox 297 1084 330 1145; x_wconf 91' lang='lat' dir='ltr'><strong>et</strong></span> <span class='ocrx_word' id='word_1_75' title='bbox 352 1080 440 1164; x_wconf 85' lang='lat' dir='ltr'><strong>velit,</strong></span> <span class='ocrx_word' id='word_1_76' title='bbox 463 1103 562 1164; x_wconf 87' lang='lat' dir='ltr'><strong>quare</strong></span> <span class='ocrx_word' id='word_1_77' title='bbox 586 1102 680 1165; x_wconf 84' lang='lat' dir='ltr'><strong>saepe</strong></span> <span class='ocrx_word' id='word_1_78' title='bbox 704 1103 755 1145; x_wconf 90' lang='lat' dir='ltr'><strong>res</strong></span> <span class='ocrx_word' id='word_1_79' title='bbox 779 1080 965 1145; x_wconf 85' lang='lat' dir='ltr'><strong>inhonestas</strong></span> <span class='ocrx_word' id='word_1_80' title='bbox 985 1084 1017 1144; x_wconf 89' lang='lat' dir='ltr'><strong>et</strong></span> <span class='ocrx_word' id='word_1_81' title='bbox 1034 1081 1116 1164; x_wconf 85' lang='lat' dir='ltr'><strong>peri-</strong></span> 
     </span>
     <span class='ocr_line' id='line_1_11' title="bbox 94 1177 1116 1263; baseline -0.003 -19"><span class='ocrx_word' id='word_1_82' title='bbox 94 1178 221 1244; x_wconf 81' lang='lat' dir='ltr'><strong>culosas</strong></span> <span class='ocrx_word' id='word_1_83' title='bbox 249 1177 387 1263; x_wconf 84' lang='lat' dir='ltr'><strong>faciunt,</strong></span> <span class='ocrx_word' id='word_1_84' title='bbox 418 1183 451 1244; x_wconf 89' lang='lat' dir='ltr'><strong>et</strong></span> <span class='ocrx_word' id='word_1_85' title='bbox 476 1183 514 1243; x_wconf 91' lang='lat' dir='ltr'><strong>ut</strong></span> <span class='ocrx_word' id='word_1_86' title='bbox 537 1200 554 1243; x_wconf 92' lang='lat' dir='ltr'><strong>e</strong></span> <span class='ocrx_word' id='word_1_87' title='bbox 577 1179 659 1244; x_wconf 93' lang='lat' dir='ltr'><strong>bene</strong></span> <span class='ocrx_word' id='word_1_88' title='bbox 685 1179 823 1244; x_wconf 79' lang='lat' dir='ltr'><strong>vivendo</strong></span> <span class='ocrx_word' id='word_1_89' title='bbox 850 1179 996 1243; x_wconf 79' lang='lat' dir='ltr'><strong>nascitur</strong></span> <span class='ocrx_word' id='word_1_90' title='bbox 1022 1177 1116 1242; x_wconf 88' lang='lat' dir='ltr'><strong>bene-</strong></span> 
     </span>
     <span class='ocr_line' id='line_1_12' title="bbox 93 1276 1117 1364; baseline -0.003 -22"><span class='ocrx_word' id='word_1_91' title='bbox 93 1277 246 1360; x_wconf 83' lang='lat' dir='ltr'><strong>volentia,</strong></span> <span class='ocrx_word' id='word_1_92' title='bbox 268 1278 315 1342; x_wconf 89' lang='lat' dir='ltr'><strong>ita</strong></span> <span class='ocrx_word' id='word_1_93' title='bbox 338 1299 378 1342; x_wconf 87' lang='lat' dir='ltr'><strong>ex</strong></span> <span class='ocrx_word' id='word_1_94' title='bbox 401 1277 484 1342; x_wconf 85' lang='lat' dir='ltr'><strong>male</strong></span> <span class='ocrx_word' id='word_1_95' title='bbox 507 1277 602 1342; x_wconf 81' lang='lat' dir='ltr'><strong>saetis</strong></span> <span class='ocrx_word' id='word_1_96' title='bbox 626 1276 805 1364; x_wconf 86' lang='lat' dir='ltr'><strong>gignuntur</strong></span> <span class='ocrx_word' id='word_1_97' title='bbox 828 1277 901 1342; x_wconf 85' lang='lat' dir='ltr'><strong>odia</strong></span> <span class='ocrx_word' id='word_1_98' title='bbox 928 1276 1014 1340; x_wconf 89' lang='lat' dir='ltr'><strong>bella</strong></span> <span class='ocrx_word' id='word_1_99' title='bbox 1036 1277 1117 1359; x_wconf 89' lang='lat' dir='ltr'><strong>peri-</strong></span> 
     </span>
     <span class='ocr_line' id='line_1_13' title="bbox 94 1372 1118 1460; baseline -0.002 -20"><span class='ocrx_word' id='word_1_100' title='bbox 94 1375 176 1460; x_wconf 83' lang='lat' dir='ltr'><strong>cula,</strong></span> <span class='ocrx_word' id='word_1_101' title='bbox 199 1376 240 1439; x_wconf 87' lang='lat' dir='ltr'><strong>ad</strong></span> <span class='ocrx_word' id='word_1_102' title='bbox 262 1396 344 1458; x_wconf 88' lang='lat' dir='ltr'><strong>quae</strong></span> <span class='ocrx_word' id='word_1_103' title='bbox 363 1397 474 1440; x_wconf 89' lang='lat' dir='ltr'><strong>omnes</strong></span> <span class='ocrx_word' id='word_1_104' title='bbox 492 1397 560 1440; x_wconf 93' lang='lat' dir='ltr'><strong>non</strong></span> <span class='ocrx_word' id='word_1_105' title='bbox 582 1375 664 1440; x_wconf 92' lang='lat' dir='ltr'><strong>bene</strong></span> <span class='ocrx_word' id='word_1_106' title='bbox 686 1376 792 1459; x_wconf 88' lang='lat' dir='ltr'><strong>parati</strong></span> <span class='ocrx_word' id='word_1_107' title='bbox 816 1380 899 1440; x_wconf 90' lang='lat' dir='ltr'><strong>sunt.</strong></span> <span class='ocrx_word' id='word_1_108' title='bbox 941 1372 985 1439; x_wconf 82' lang='lat' dir='ltr'><strong>Et</strong></span> <span class='ocrx_word' id='word_1_109' title='bbox 1008 1394 1118 1438; x_wconf 84' lang='lat' dir='ltr'><strong>seeun-</strong></span> 
     </span>
     <span class='ocr_line' id='line_1_14' title="bbox 94 1471 1117 1558; baseline -0.004 -20"><span class='ocrx_word' id='word_1_110' title='bbox 94 1473 169 1538; x_wconf 87' lang='lat' dir='ltr'><strong>dam</strong></span> <span class='ocrx_word' id='word_1_111' title='bbox 188 1473 292 1558; x_wconf 88' lang='lat' dir='ltr'><strong>legem</strong></span> <span class='ocrx_word' id='word_1_112' title='bbox 312 1471 491 1537; x_wconf 79' lang='lat' dir='ltr'><strong>Romanam</strong></span> <span class='ocrx_word' id='word_1_113' title='bbox 512 1473 590 1538; x_wconf 81' lang='lat' dir='ltr'><strong>dicit</strong></span> <span class='ocrx_word' id='word_1_114' title='bbox 608 1472 746 1538; x_wconf 86' lang='lat' dir='ltr'>Tullus</span> <span class='ocrx_word' id='word_1_115' title='bbox 769 1495 838 1538; x_wconf 88' lang='lat' dir='ltr'><strong>esse</strong></span> <span class='ocrx_word' id='word_1_116' title='bbox 862 1495 941 1558; x_wconf 83' lang='lat' dir='ltr'><strong>eam,</strong></span> <span class='ocrx_word' id='word_1_117' title='bbox 964 1475 1009 1556; x_wconf 88' lang='lat' dir='ltr'><strong>ut,</strong></span> <span class='ocrx_word' id='word_1_118' title='bbox 1033 1471 1117 1537; x_wconf 86' lang='lat' dir='ltr'><strong>siout</strong></span> 
     </span>
     <span class='ocr_line' id='line_1_15' title="bbox 95 1569 1117 1656; baseline -0.003 -20"><span class='ocrx_word' id='word_1_119' title='bbox 95 1572 181 1637; x_wconf 79' lang='lat' dir='ltr'><strong>eires</strong></span> <span class='ocrx_word' id='word_1_120' title='bbox 201 1571 324 1636; x_wconf 86' lang='lat' dir='ltr'><strong>domini</strong></span> <span class='ocrx_word' id='word_1_121' title='bbox 346 1571 432 1636; x_wconf 87' lang='lat' dir='ltr'><strong>bono</strong></span> <span class='ocrx_word' id='word_1_122' title='bbox 452 1571 581 1636; x_wconf 87' lang='lat' dir='ltr'><strong>studere</strong></span> <span class='ocrx_word' id='word_1_123' title='bbox 601 1571 727 1655; x_wconf 88' lang='lat' dir='ltr'><strong>debent,</strong></span> <span class='ocrx_word' id='word_1_124' title='bbox 750 1572 797 1637; x_wconf 89' lang='lat' dir='ltr'><strong>ita</strong></span> <span class='ocrx_word' id='word_1_125' title='bbox 814 1570 978 1656; x_wconf 80' lang='lat' dir='ltr'><strong>principes</strong></span> <span class='ocrx_word' id='word_1_126' title='bbox 997 1569 1117 1635; x_wconf 76' lang='lat' dir='ltr'><strong>oivium</strong></span> 
     </span>
     <span class='ocr_line' id='line_1_16' title="bbox 96 1667 1119 1756; baseline -0.003 -23"><span class='ocrx_word' id='word_1_127' title='bbox 96 1669 194 1734; x_wconf 89' lang='lat' dir='ltr'><strong>saluti</strong></span> <span class='ocrx_word' id='word_1_128' title='bbox 218 1669 377 1750; x_wconf 88' lang='lat' dir='ltr'><strong>studeant,</strong></span> <span class='ocrx_word' id='word_1_129' title='bbox 401 1673 433 1733; x_wconf 86' lang='lat' dir='ltr'><strong>et</strong></span> <span class='ocrx_word' id='word_1_130' title='bbox 456 1669 539 1734; x_wconf 88' lang='lat' dir='ltr'><strong>alter</strong></span> <span class='ocrx_word' id='word_1_131' title='bbox 561 1691 620 1754; x_wconf 89' lang='lat' dir='ltr'><strong>pro</strong></span> <span class='ocrx_word' id='word_1_132' title='bbox 640 1670 741 1735; x_wconf 87' lang='lat' dir='ltr'><strong>altero</strong></span> <span class='ocrx_word' id='word_1_133' title='bbox 764 1692 892 1756; x_wconf 82' lang='lat' dir='ltr'><strong>pugnae</strong></span> <span class='ocrx_word' id='word_1_134' title='bbox 916 1690 950 1733; x_wconf 92' lang='lat' dir='ltr'><strong>se</strong></span> <span class='ocrx_word' id='word_1_135' title='bbox 972 1667 1119 1734; x_wconf 81' lang='lat' dir='ltr'><strong>commit-</strong></span> 
     </span>
     <span class='ocr_line' id='line_1_17' title="bbox 94 1765 1118 1852; baseline -0.004 -20"><span class='ocrx_word' id='word_1_136' title='bbox 94 1772 164 1832; x_wconf 83' lang='lat' dir='ltr'><strong>tere</strong></span> <span class='ocrx_word' id='word_1_137' title='bbox 183 1770 216 1831; x_wconf 88' lang='lat' dir='ltr'><strong>et</strong></span> <span class='ocrx_word' id='word_1_138' title='bbox 233 1771 371 1831; x_wconf 85' lang='lat' dir='ltr'><strong>mortem</strong></span> <span class='ocrx_word' id='word_1_139' title='bbox 390 1772 542 1852; x_wconf 88' lang='lat' dir='ltr'><strong>oppetere</strong></span> <span class='ocrx_word' id='word_1_140' title='bbox 566 1768 689 1832; x_wconf 84' lang='lat' dir='ltr'><strong>debeat.</strong></span> <span class='ocrx_word' id='word_1_141' title='bbox 735 1767 780 1832; x_wconf 84' lang='lat' dir='ltr'><strong>Et</strong></span> <span class='ocrx_word' id='word_1_142' title='bbox 802 1772 886 1832; x_wconf 91' lang='lat' dir='ltr'><strong>tum:</strong></span> <span class='ocrx_word' id='word_1_143' title='bbox 908 1765 1047 1850; x_wconf 69' lang='lat' dir='ltr'><strong>‘Heraia</strong></span> <span class='ocrx_word' id='word_1_144' title='bbox 1070 1765 1118 1828; x_wconf 90' lang='lat' dir='ltr'><strong>in·</strong></span> 
     </span>
     <span class='ocr_line' id='line_1_18' title="bbox 95 1862 1117 1951; baseline -0.005 -21"><span class='ocrx_word' id='word_1_145' title='bbox 95 1866 176 1951; x_wconf 89' lang='lat' dir='ltr'><strong>quit,</strong></span> <span class='ocrx_word' id='word_1_146' title='bbox 200 1865 327 1948; x_wconf 81' lang='lat' dir='ltr'><strong>qualem</strong></span> <span class='ocrx_word' id='word_1_147' title='bbox 350 1864 516 1949; x_wconf 89' lang='lat' dir='ltr'><strong>honorem,</strong></span> <span class='ocrx_word' id='word_1_148' title='bbox 540 1867 634 1949; x_wconf 90' lang='lat' dir='ltr'><strong>quale</strong></span> <span class='ocrx_word' id='word_1_149' title='bbox 653 1867 814 1950; x_wconf 90' lang='lat' dir='ltr'><strong>meritum,</strong></span> <span class='ocrx_word' id='word_1_150' title='bbox 838 1865 966 1949; x_wconf 86' lang='lat' dir='ltr'><strong>qualem</strong></span> <span class='ocrx_word' id='word_1_151' title='bbox 988 1862 1117 1927; x_wconf 89' lang='lat' dir='ltr'><strong>laudem</strong></span> 
     </span>
     <span class='ocr_line' id='line_1_19' title="bbox 96 1963 1118 2049; baseline -0.005 -20"><span class='ocrx_word' id='word_1_152' title='bbox 96 1963 280 2047; x_wconf 80' lang='lat' dir='ltr'><strong>assequitur</strong></span> <span class='ocrx_word' id='word_1_153' title='bbox 316 1963 344 2028; x_wconf 90' lang='lat' dir='ltr'><strong>is</strong></span> <span class='ocrx_word' id='word_1_154' title='bbox 381 1965 544 2048; x_wconf 84' lang='lat' dir='ltr'><strong>princeps,</strong></span> <span class='ocrx_word' id='word_1_155' title='bbox 581 1966 638 2047; x_wconf 91' lang='lat' dir='ltr'><strong>qui</strong></span> <span class='ocrx_word' id='word_1_156' title='bbox 674 1967 730 2028; x_wconf 89' lang='lat' dir='ltr'><strong>aut</strong></span> <span class='ocrx_word' id='word_1_157' title='bbox 766 1986 824 2049; x_wconf 90' lang='lat' dir='ltr'><strong>per</strong></span> <span class='ocrx_word' id='word_1_158' title='bbox 860 1963 1027 2028; x_wconf 82' lang='lat' dir='ltr'><strong>avaritiam</strong></span> <span class='ocrx_word' id='word_1_159' title='bbox 1062 1966 1118 2025; x_wconf 86' lang='lat' dir='ltr'><strong>aut</strong></span> 
     </span>
     <span class='ocr_line' id='line_1_20' title="bbox 97 2060 1118 2146; baseline -0.004 -19"><span class='ocrx_word' id='word_1_160' title='bbox 97 2083 190 2127; x_wconf 90' lang='lat' dir='ltr'><strong>suam</strong></span> <span class='ocrx_word' id='word_1_161' title='bbox 218 2066 331 2127; x_wconf 83' lang='lat' dir='ltr'><strong>eontra</strong></span> <span class='ocrx_word' id='word_1_162' title='bbox 358 2061 443 2126; x_wconf 78' lang='lat' dir='ltr'><strong>cives</strong></span> <span class='ocrx_word' id='word_1_163' title='bbox 473 2062 678 2146; x_wconf 87' lang='lat' dir='ltr'><strong>tyrannidem</strong></span> <span class='ocrx_word' id='word_1_164' title='bbox 706 2066 763 2126; x_wconf 90' lang='lat' dir='ltr'><strong>aut</strong></span> <span class='ocrx_word' id='word_1_165' title='bbox 788 2084 847 2146; x_wconf 90' lang='lat' dir='ltr'><strong>per</strong></span> <span class='ocrx_word' id='word_1_166' title='bbox 878 2060 976 2125; x_wconf 88' lang='lat' dir='ltr'><strong>aliam</strong></span> <span class='ocrx_word' id='word_1_167' title='bbox 1009 2082 1118 2125; x_wconf 87' lang='lat' dir='ltr'><strong>earum</strong></span> 
     </span>
     <span class='ocr_line' id='line_1_21' title="bbox 95 2157 1118 2246; baseline -0.003 -21"><span class='ocrx_word' id='word_1_168' title='bbox 95 2180 274 2243; x_wconf 84' lang='lat' dir='ltr'><strong>causarum,</strong></span> <span class='ocrx_word' id='word_1_169' title='bbox 298 2157 393 2246; x_wconf 84' lang='lat' dir='ltr'><strong>(quas</strong></span> <span class='ocrx_word' id='word_1_170' title='bbox 417 2181 510 2244; x_wconf 85' lang='lat' dir='ltr'><strong>saepe</strong></span> <span class='ocrx_word' id='word_1_171' title='bbox 534 2159 670 2224; x_wconf 90' lang='lat' dir='ltr'><strong>oonsilio</strong></span> <span class='ocrx_word' id='word_1_172' title='bbox 693 2159 828 2227; x_wconf 87' lang='lat' dir='ltr'><strong>rationis</strong></span> <span class='ocrx_word' id='word_1_173' title='bbox 848 2159 972 2244; x_wconf 86' lang='lat' dir='ltr'><strong>experti</strong></span> <span class='ocrx_word' id='word_1_174' title='bbox 991 2157 1118 2223; x_wconf 82' lang='lat' dir='ltr'><strong>evenire</strong></span> 
     </span>
     <span class='ocr_line' id='line_1_22' title="bbox 95 2255 1119 2342; baseline -0.004 -19"><span class='ocrx_word' id='word_1_175' title='bbox 95 2257 232 2323; x_wconf 79' lang='lat' dir='ltr'><strong>Tullus</strong></span> <span class='ocrx_word' id='word_1_176' title='bbox 260 2255 370 2342; x_wconf 84' lang='lat' dir='ltr'><strong>dixit),</strong></span> <span class='ocrx_word' id='word_1_177' title='bbox 399 2278 432 2322; x_wconf 91' lang='lat' dir='ltr'><strong>se</strong></span> <span class='ocrx_word' id='word_1_178' title='bbox 456 2257 606 2341; x_wconf 84' lang='lat' dir='ltr'><strong>civesque</strong></span> <span class='ocrx_word' id='word_1_179' title='bbox 633 2258 777 2342; x_wconf 84' lang='lat' dir='ltr'><strong>perdit?&#39;</strong></span> <span class='ocrx_word' id='word_1_180' title='bbox 822 2255 867 2322; x_wconf 81' lang='lat' dir='ltr'><strong>Et</strong></span> <span class='ocrx_word' id='word_1_181' title='bbox 890 2262 960 2322; x_wconf 91' lang='lat' dir='ltr'><strong>tum</strong></span> <span class='ocrx_word' id='word_1_182' title='bbox 984 2255 1024 2321; x_wconf 83' lang='lat' dir='ltr'><strong>ad</strong></span> <span class='ocrx_word' id='word_1_183' title='bbox 1046 2277 1119 2340; x_wconf 90' lang='lat' dir='ltr'><strong>pro-</strong></span> 
     </span>
    </p>
   </div>
   <div class='ocr_carea' id='block_1_3' title="bbox 94 2353 1120 3029">
    <p class='ocr_par' dir='ltr' id='par_1_3' title="bbox 94 2353 1120 3029">
     <span class='ocr_line' id='line_1_23' title="bbox 94 2353 1120 2441; baseline -0.003 -22"><span class='ocrx_word' id='word_1_184' title='bbox 94 2355 241 2441; x_wconf 87' lang='lat' dir='ltr'><strong>positum</strong></span> <span class='ocrx_word' id='word_1_185' title='bbox 263 2354 347 2420; x_wconf 89' lang='lat' dir='ltr'><strong>redit</strong></span> <span class='ocrx_word' id='word_1_186' title='bbox 371 2359 416 2419; x_wconf 91' lang='lat' dir='ltr'><strong>et:</strong></span> <span class='ocrx_word' id='word_1_187' title='bbox 443 2353 515 2418; x_wconf 80' lang='lat' dir='ltr'><strong>‘Sin</strong></span> <span class='ocrx_word' id='word_1_188' title='bbox 538 2359 654 2440; x_wconf 86' lang='lat' dir='ltr'><strong>autem,</strong></span> <span class='ocrx_word' id='word_1_189' title='bbox 677 2355 793 2440; x_wconf 84' lang='lat' dir='ltr'><strong>inquit,</strong></span> <span class='ocrx_word' id='word_1_190' title='bbox 814 2356 963 2440; x_wconf 84' lang='lat' dir='ltr'><strong>princeps</strong></span> <span class='ocrx_word' id='word_1_191' title='bbox 986 2358 1120 2439; x_wconf 86' lang='lat' dir='ltr'><strong>propter</strong></span> 
     </span>
     <span class='ocr_line' id='line_1_24' title="bbox 98 2450 1118 2539; baseline -0.004 -20"><span class='ocrx_word' id='word_1_192' title='bbox 98 2456 267 2539; x_wconf 81' lang='lat' dir='ltr'><strong>peecatum</strong></span> <span class='ocrx_word' id='word_1_193' title='bbox 291 2453 424 2536; x_wconf 88' lang='lat' dir='ltr'><strong>aliquod</strong></span> <span class='ocrx_word' id='word_1_194' title='bbox 447 2457 503 2521; x_wconf 81' lang='lat' dir='ltr'><strong>aut</strong></span> <span class='ocrx_word' id='word_1_195' title='bbox 526 2453 613 2537; x_wconf 89' lang='lat' dir='ltr'><strong>quod</strong></span> <span class='ocrx_word' id='word_1_196' title='bbox 636 2454 714 2518; x_wconf 90' lang='lat' dir='ltr'><strong>deus</strong></span> <span class='ocrx_word' id='word_1_197' title='bbox 738 2475 811 2518; x_wconf 89' lang='lat' dir='ltr'><strong>eum</strong></span> <span class='ocrx_word' id='word_1_198' title='bbox 834 2453 950 2538; x_wconf 89' lang='lat' dir='ltr'><strong>punire</strong></span> <span class='ocrx_word' id='word_1_199' title='bbox 972 2452 1057 2535; x_wconf 78' lang='lat' dir='ltr'><strong>vult,</strong></span> <span class='ocrx_word' id='word_1_200' title='bbox 1084 2450 1118 2515; x_wconf 90' lang='lat' dir='ltr'><strong>in</strong></span> 
     </span>
     <span class='ocr_line' id='line_1_25' title="bbox 96 2550 1118 2636; baseline -0.005 -19"><span class='ocrx_word' id='word_1_201' title='bbox 96 2550 254 2619; x_wconf 86' lang='lat' dir='ltr'><strong>servanda</strong></span> <span class='ocrx_word' id='word_1_202' title='bbox 285 2556 342 2617; x_wconf 87' lang='lat' dir='ltr'><strong>aut</strong></span> <span class='ocrx_word' id='word_1_203' title='bbox 374 2551 572 2616; x_wconf 86' lang='lat' dir='ltr'><strong>defendenda</strong></span> <span class='ocrx_word' id='word_1_204' title='bbox 609 2550 781 2636; x_wconf 83' lang='lat' dir='ltr'><strong>diligenter</strong></span> <span class='ocrx_word' id='word_1_205' title='bbox 813 2551 943 2618; x_wconf 80' lang='lat' dir='ltr'><strong>civitate</strong></span> <span class='ocrx_word' id='word_1_206' title='bbox 981 2552 1118 2614; x_wconf 88' lang='lat' dir='ltr'><strong>mortem</strong></span> 
     </span>
     <span class='ocr_line' id='line_1_26' title="bbox 97 2646 1120 2734; baseline -0.007 -18"><span class='ocrx_word' id='word_1_207' title='bbox 97 2649 285 2733; x_wconf 86' lang='lat' dir='ltr'><strong>oeoumbat,</strong></span> <span class='ocrx_word' id='word_1_208' title='bbox 312 2649 387 2714; x_wconf 84' lang='lat' dir='ltr'><strong>talis</strong></span> <span class='ocrx_word' id='word_1_209' title='bbox 415 2671 503 2714; x_wconf 91' lang='lat' dir='ltr'><strong>mors</strong></span> <span class='ocrx_word' id='word_1_210' title='bbox 531 2649 561 2715; x_wconf 88' lang='lat' dir='ltr'><strong>oi</strong></span> <span class='ocrx_word' id='word_1_211' title='bbox 588 2649 705 2714; x_wconf 88' lang='lat' dir='ltr'><strong>honori</strong></span> <span class='ocrx_word' id='word_1_212' title='bbox 733 2653 765 2713; x_wconf 89' lang='lat' dir='ltr'><strong>et</strong></span> <span class='ocrx_word' id='word_1_213' title='bbox 794 2648 916 2734; x_wconf 87' lang='lat' dir='ltr'><strong>gloriae</strong></span> <span class='ocrx_word' id='word_1_214' title='bbox 944 2648 1005 2712; x_wconf 88' lang='lat' dir='ltr'><strong>erit</strong></span> <span class='ocrx_word' id='word_1_215' title='bbox 1033 2646 1120 2730; x_wconf 91' lang='lat' dir='ltr'><strong>apud</strong></span> 
     </span>
     <span class='ocr_line' id='line_1_27' title="bbox 96 2745 1120 2832; baseline -0.005 -18"><span class='ocrx_word' id='word_1_216' title='bbox 96 2745 253 2814; x_wconf 90' lang='lat' dir='ltr'><strong>homines.</strong></span> <span class='ocrx_word' id='word_1_217' title='bbox 294 2746 380 2813; x_wconf 88' lang='lat' dir='ltr'><strong>Nam</strong></span> <span class='ocrx_word' id='word_1_218' title='bbox 403 2748 509 2832; x_wconf 87' lang='lat' dir='ltr'><strong>prima</strong></span> <span class='ocrx_word' id='word_1_219' title='bbox 531 2748 583 2813; x_wconf 88' lang='lat' dir='ltr'><strong>lex</strong></span> <span class='ocrx_word' id='word_1_220' title='bbox 602 2747 749 2812; x_wconf 84' lang='lat' dir='ltr'><strong>Romana</strong></span> <span class='ocrx_word' id='word_1_221' title='bbox 767 2747 838 2811; x_wconf 82' lang='lat' dir='ltr'><strong>vult</strong></span> <span class='ocrx_word' id='word_1_222' title='bbox 860 2746 950 2812; x_wconf 90' lang='lat' dir='ltr'><strong>iubet</strong></span> <span class='ocrx_word' id='word_1_223' title='bbox 972 2748 1120 2831; x_wconf 87' lang='lat' dir='ltr'><strong>imperat,</strong></span> 
     </span>
     <span class='ocr_line' id='line_1_28' title="bbox 96 2845 1119 2932; baseline -0.002 -22"><span class='ocrx_word' id='word_1_224' title='bbox 96 2850 135 2910; x_wconf 91' lang='lat' dir='ltr'><strong>ut</strong></span> <span class='ocrx_word' id='word_1_225' title='bbox 163 2866 273 2910; x_wconf 91' lang='lat' dir='ltr'><strong>omnes</strong></span> <span class='ocrx_word' id='word_1_226' title='bbox 300 2867 360 2930; x_wconf 88' lang='lat' dir='ltr'><strong>pro</strong></span> <span class='ocrx_word' id='word_1_227' title='bbox 388 2845 457 2911; x_wconf 92' lang='lat' dir='ltr'><strong>iure</strong></span> <span class='ocrx_word' id='word_1_228' title='bbox 484 2846 656 2932; x_wconf 90' lang='lat' dir='ltr'><strong>privilegio</strong></span> <span class='ocrx_word' id='word_1_229' title='bbox 688 2845 838 2910; x_wconf 90' lang='lat' dir='ltr'><strong>libertate</strong></span> <span class='ocrx_word' id='word_1_230' title='bbox 866 2867 954 2908; x_wconf 87' lang='lat' dir='ltr'><strong>anna</strong></span> <span class='ocrx_word' id='word_1_231' title='bbox 982 2845 1119 2928; x_wconf 85' lang='lat' dir='ltr'><strong>capiant,</strong></span> 
     </span>
     <span class='ocr_line' id='line_1_29' title="bbox 97 2942 1120 3029; baseline -0.002 -21"><span class='ocrx_word' id='word_1_232' title='bbox 97 2946 259 3029; x_wconf 87' lang='lat' dir='ltr'><strong>pugnent,</strong></span> <span class='ocrx_word' id='word_1_233' title='bbox 289 2944 329 3007; x_wconf 85' lang='lat' dir='ltr'><strong>ad</strong></span> <span class='ocrx_word' id='word_1_234' title='bbox 352 2948 489 3008; x_wconf 89' lang='lat' dir='ltr'><strong>mortem</strong></span> <span class='ocrx_word' id='word_1_235' title='bbox 514 2943 694 3008; x_wconf 87' lang='lat' dir='ltr'><strong>obeundam</strong></span> <span class='ocrx_word' id='word_1_236' title='bbox 717 2944 822 3028; x_wconf 87' lang='lat' dir='ltr'><strong>parati</strong></span> <span class='ocrx_word' id='word_1_237' title='bbox 846 2943 932 3008; x_wconf 85' lang='lat' dir='ltr'><strong>sint&#39;.</strong></span> <span class='ocrx_word' id='word_1_238' title='bbox 978 2942 1120 3020; x_wconf 85' lang='lat' dir='ltr'><strong>Quarum</strong></span> 
     </span>
    </p>
   </div>
   <div class='ocr_carea' id='block_1_4' title="bbox 0 0 1224 3856">
    <p class='ocr_par' dir='ltr' id='par_1_4' title="bbox 0 0 1224 3856">
     <span class='ocr_line' id='line_1_30' title="bbox 0 0 1224 3856; baseline 0 0"><span class='ocrx_word' id='word_1_239' title='bbox 0 0 1224 3856; x_wconf 95' lang='lat' dir='ltr'><strong> </strong></span> 
     </span>
    </p>
   </div>
  </div>
 </body>
</html>
