2422 3856
232 157 256 206 1,
275 151 324 205 DE
343 151 522 208 CICERONE
540 150 695 206 ANTONII
712 149 882 205 AUCTORE
1026 151 1069 214 63

58 303 159 362 Cicero
182 306 284 379 paucis
307 303 405 364 verbis
428 305 573 362 tractavit
591 302 627 362 de
649 322 682 362 16
704 323 733 378 p.
747 303 779 360 Π
798 304 856 362 57:
883 303 923 362 Id
947 307 1073 376 tenetote,

57 395 134 466 quod
151 394 234 451 initio
253 394 323 461 dini,
347 395 406 451 nisi
425 394 586 466 aequabilis
608 394 678 451 haee
696 395 728 450 in
747 394 861 451 ciuitate
879 394 1072 465 compensatio

55 485 95 541 sit
118 486 144 540 et
165 484 241 540 iuris
265 485 291 540 et
312 482 405 554 officii
428 486 454 540 et
479 483 623 548 muneris,
651 486 684 539 nt
711 484 738 539 et
758 483 911 554 potestatis
939 483 1012 540 satis
1041 483 1073 539 in

54 571 276 644 mapistratilms
302 575 328 629 et
350 573 530 630 auctoritatis
552 573 585 629 in
602 572 774 644 principum
798 571 916 629 consitio
941 574 967 628 et
989 571 1073 629 iiber-

56 663 126 719 totis
157 662 190 718 in
216 661 327 734 populo
357 662 403 727 sit,
434 677 494 718 non
518 677 607 733 posse
633 660 710 718 hune
738 660 1001 718 incommutabilem
1030 662 1074 718 rei

49 750 190 824 publicae
212 751 379 808 conseruari
401 753 516 807 statum.

147 837 226 907 Quin
249 838 340 896 etiam
363 838 482 915 singula
500 838 626 896 Antonii
643 839 804 914 praecepta
828 837 982 896 simillima
1005 841 1075 896 sunt

55 928 180 987 monitis
204 925 413 986 Ciceronianis.
458 927 515 985 Vel
537 927 604 1004 fugi
628 926 799 986 adulatores
822 925 907 985 iubet
924 927 1073 985 Antonius

56 1018 92 1090 4,
107 1017 150 1076 20
164 1008 242 1097 ’(16,
262 1017 281 1073 4
302 1007 336 1096 S)
367 1018 397 1074 et
420 1016 536 1075 Tullius
561 1015 634 1074 dicit
656 1015 692 1074 de
716 1015 763 1074 off.
783 1015 798 1074 Ι
818 1017 873 1074 91:
904 1014 1088 1075 Cauendum

55 1109 159 1180 66166
182 1107 410 1164 assentatoribus
428 1105 646 1178 patefaciamus
670 1123 758 1163 aures
784 1123 855 1162 neoc
878 1105 999 1163 adulari
1020 1121 1074 1162 nos

56 1197 200 1253 sinamus.
248 1192 366 1252 Similia
388 1193 478 1253 habet
500 1192 580 1252 Lael.
607 1195 658 1267 91,
686 1213 774 1270 quem
802 1194 901 1252 locum
929 1193 1073 1252 exscribo:

61 1284 101 1343 Ut
136 1300 251 1342 monere
288 1287 314 1341 et
346 1285 458 1342 moneri
488 1285 647 1356 proprium
679 1287 720 1341 est
751 1300 837 1342 uerae
869 1284 1015 1342 amicitiae
1050 1286 1076 1339 et

31 1373 182 1431 -alterum
209 1372 297 1431 iibere
323 1373 428 1445 facere,
457 1389 517 1430 non
545 1390 655 1446 aspere,
684 1373 808 1431 alterum
830 1374 1073 1445 6616616166σὶ-

49 1479 133 1538 pere,
161 1479 220 1519 non
246 1465 452 1534 repupnanter,
482 1463 524 1519 sie
550 1462 716 1520 habendum
744 1465 785 1519 est
810 1462 924 1519 nnllam
947 1463 980 1518 in
1003 1463 1075 1518 ami·

56 1552 133 1609 citiis
151 1555 262 1623 pestem
290 1568 351 1608 esse
372 1552 513 1609 maiorem
540 1568 629 1623 quam
656 1551 861 1617 adulationem,
893 1550 1075 1615 blanditiam,

56 1641 308 1703 adsmtationem.
341 1639 381 1698 Et
400 1639 506 1715 quodsi
525 1641 663 1714 princeps
682 1639 836 1714 speculum
855 1640 987 1697 omnium
1011 1656 1075 1698 esse

58 1728 148 1787 debet
176 1728 338 1787 seeundum
365 1719 813 1809 Α111611161614,18(19,21
836 1720 885 1808 S),
913 1746 1075 1803 compares

55 1836 135 1894 quae
164 1817 244 1876 dicat
267 1815 369 1875 (116616
392 1817 428 1875 (16
455 1817 532 1896 legg.
551 1816 598 1875 III
619 1818 673 1875 28:
713 1816 821 1876 (leteris
848 1819 991 1890 specimen
1019 1822 1075 1875 esto

57 1906 143 1978 (ordo
162 1905 325 1980 princeps),
349 1908 379 1964 et
402 1906 437 1964 de
461 1925 493 1964 re
515 1927 543 1981 p.
558 1905 590 1964 Π
610 1907 665 1965 69;
708 1907 747 1965 Ut
769 1924 799 1965 se
821 1907 969 1979 specuium
986 1924 1076 1979 proe-

57 1997 124 2054 beat
159 1996 277 2054 616166.
332 1995 372 2053 Et
408 1996 508 2069 plures
545 1998 615 2054 sunt
652 1994 872 2054 similitudines.
924 1995 1076 2070 imperare

56 2103 145 2161 posse
167 2084 333 2159 principes,
360 2086 394 2142 ut
422 2102 522 2143 omnes
552 2084 609 2143 sibi
631 2086 770 2159 pareant,
793 2085 1073 2158 Α1ι16116622,11

58 2165 165 2255 (22,7
192 2165 226 2253 S)
260 2173 346 2231 dicit:
379 2191 414 2231 ae
445 2172 513 2232 vide
545 2173 580 2232 de
608 2192 640 2232 re
667 2192 696 2249 p.
719 2172 735 2231 I
759 2174 815 2248 51,
847 2172 898 2231 ubi
930 2175 1077 2250 populum

57 2265 181 2322 summis
203 2280 312 2335 parere
339 2262 423 2321 iubet
446 2260 557 2336 Cicero,
589 2261 614 2322 si
642 2264 751 2322 summi
778 2265 889 2321 virtute
917 2265 947 2320 et
975 2264 1075 2321 animo

58 2353 210 2428 praesunt.
256 2349 392 2427 Denique
420 2350 557 2427 princeps
585 2352 718 2410 Antonio
743 2353 799 2426 34,
815 2354 855 2410 23
877 2343 948 2432 (26,
973 2352 1014 2409 26
1040 2343 1075 2431 S)

58 2443 180 2499 auctore
216 2438 316 2514 debet,
353 2459 420 2498 eum
452 2458 569 2499 neeesse
602 2441 655 2515 611,
692 2443 818 2499 mortem
851 2443 990 2516 oppetere
1021 2459 1076 2515 pro

57 2528 167 2608 patria.
219 2529 260 2587 Et
289 2527 390 2588 Gieero
418 2529 454 2588 16
486 2529 533 2588 off.
557 2529 572 2586 I
597 2531 638 2587 86
664 2528 720 2587 ait:
752 2530 803 2588 lto
837 2532 963 2588 iustitiae
992 2530 1076 2587 ione-

56 2621 183 2692 statiqne
202 2619 385 2677 adhaerescet
402 2617 574 2693 (princeps),
598 2623 638 2686 nl,
658 2621 728 2677 dnm
747 2637 781 2677 66
800 2623 952 2686 conseruet,
975 2637 1077 2691 quom--

58 2710 105 2767 nis
120 2709 251 2782 praeiter
269 2708 397 2782 offendat
414 2711 588 2780 mortemque
606 2712 721 2781 oppetat
738 2710 838 2781 potins
856 2726 945 2781 quam
963 2709 1078 2766 deserat

59 2798 114 2856 ilia
142 2814 217 2870 qnae
239 2797 314 2870 clini,
343 2799 374 2855 et
396 2796 432 2854 (16
458 2796 508 2855 fin.
528 2795 574 2854 HI
589 2798 644 2855 64:
668 2797 718 2856 En
744 2815 800 2870 pao
822 2798 869 2869 nt,
897 2800 930 2855 nt
952 2797 1077 2855 lundan-

59 2887 117 2945 dus
139 2888 166 2944 is
189 2888 235 2954 sit,
259 2887 310 2959 qni
330 2889 450 2943 mortem
473 2890 588 2960 oppetat
603 2903 661 2960 pro
685 2905 716 2944 rc
733 2886 862 2959 publiea.

153 2973 233 3034 Satis
264 2973 338 3032 mihi
369 2974 586 3034 demonstrasse
615 2975 717 3034 videor
746 2993 847 3034 omnes
877 2975 938 3033 fere
967 2977 1077 3049 partes,

61 3082 135 3140 quas
160 3063 197 3122 ab
220 3063 352 3122 Antonio
377 3083 412 3121 er
435 3064 522 3122 Tullo
549 3064 672 3123 haustas
701 3082 762 3123 esse
791 3065 874 3139 prius
898 3081 1076 3140 cognovera-

58 3171 140 3227 mus,
181 3154 277 3229 mngis
314 3172 403 3228 qnam
441 3171 560 3228 sperare
598 3151 780 3212 audebamus
823 3172 890 3211 eum
928 3151 1094 3234 Ciceronis*

59 3243 215 3303 sententiis
243 3241 378 3299 doctrina
408 3242 575 3318 praeceptis
609 3242 783 3302 consentire.
837 3241 920 3311 Quod
949 3244 1076 3299 maxime

58 3331 186 3391 interest
215 3330 254 3389 ad
287 3331 503 3405 quaestionem,
538 3350 627 3407 quam
656 3331 816 3390 tractaturi
847 3350 927 3389 nune
961 3349 1077 3390 sumus:

60 3420 210 3480 Ciceronis
238 3420 274 3478 de
297 3419 459 3478 virtutibus
486 3419 561 3479 liber
588 3439 685 3479 nonne
713 3439 817 3479 revera
840 3420 972 3478 Antonio
999 3422 1078 3478 inter

58 3529 165 3570 menas
188 3511 323 3569 versatus
347 3507 411 3568 est?
