2422 3856
348 137 372 187 3.
391 130 442 187 Dll
460 131 663 187 NOMINIBUS
682 131 862 186 LAUDATIS
1068 131 1112 195 49

94 301 202 363 graves
230 286 322 344 testes
346 303 418 360 esse,
445 286 511 343 tum
534 285 688 361 angustias
711 285 854 359 pecuniae
878 283 990 342 Itomae
1012 283 1113 341 fuisse.

96 374 137 433 Et
160 392 344 449 quamquam
364 373 466 434 (licere
489 374 577 432 huius
600 374 644 431 rei
666 390 814 448 nusquam
837 374 1017 431 mentionem
1040 372 1114 431 facit

94 479 191 539 neque
223 463 343 521 omnino
378 463 458 540 apud
495 482 594 522 rerum
625 462 828 521 Romanarum
864 462 1021 537 scriptores
1058 462 1113 520 hoc

95 551 210 612 factum
232 555 493 627 commemoratur,
523 554 623 610 tamen
645 550 812 609 Antonium
834 551 890 609 hoc
913 549 1030 610 finxisse
1058 570 1112 626 pu-

92 639 221 700 tandum
243 659 303 699 non
330 643 388 716 est,
418 642 489 717 quia
516 659 576 700 000
599 640 814 718 intellegimus,
842 643 895 715 qui
922 640 1036 699 factum
1064 640 1113 713 sit,

93 731 131 788 ut
153 731 280 805 scriptor
297 729 538 808 Francogallicus
561 730 617 790 hoc
639 732 773 804 tempore
796 731 826 788 01
845 729 998 804 Torquato
1020 731 1112 805 potis-

94 819 207 877 simum
229 818 306 877 illud
329 818 469 879 accidisse
488 819 767 879 comminisceretur.
813 817 853 877 Et
871 820 1007 893 quamvis
1026 817 1114 876 valde

94 906 240 966 miremur
262 927 315 968 nos
339 908 375 967 de
399 908 567 969 obsessione
589 908 644 966 illa
661 908 771 984 viginti
791 909 935 982 quattuor
956 907 1072 966 dierum
1096 927 1113 964 a

93 996 179 1055 nullo
212 998 350 1056 certiores
386 997 464 1071 fieri,
500 1000 602 1056 tamen
638 996 839 1072 quaerendum
876 1000 933 1055 est:
971 995 1113 1071 quidnam

93 1087 237 1146 sciremus
269 1085 305 1144 de
334 1085 432 1145 Clodii
458 1086 641 1159 temeritate,
673 1086 733 1144 nisi
758 1085 934 1144 haberemus
964 1083 1114 1145 (liceronis

49 1243 50 1247 η
94 1168 281 1252 epistulas?1
380 1211 383 1216 -

186 1263 302 1323 Deinde
320 1264 436 1322 dicatur
459 1264 494 1323 de
512 1264 660 1324 Metello
684 1266 714 1322 et
732 1263 898 1323 Fabiano
919 1264 1027 1338 28,10
1047 1255 1114 1344 (24,

99 1354 141 1412 10
157 1345 201 1434 S),
230 1355 282 1428 qui
306 1348 510 1429 ‘perdiderunt
533 1372 664 1412 amorem
686 1349 791 1430 populi
815 1355 845 1411 et
871 1352 982 1411 honore
1006 1352 1115 1410 deiecti

93 1444 169 1500 eunt
190 1443 313 1518 propter
335 1442 478 1501 1101100011
501 1444 657 1501 0011101001
679 1443 792 1502 Romae
815 1436 968 1500 exortam’.
1013 1441 1113 1516 Atque

95 1529 133 1589 de
156 1530 289 1590 Fabiano
313 1531 442 1606 quodam
464 1531 514 1590 vix
538 1533 665 1609 cogitari
687 1533 800 1606 potest,
829 1549 896 1589 cum
922 1531 978 1589 hoc
1006 1549 1114 1590 nomeu

94 1620 280 1696 temporibus
307 1619 419 1679 liberae
446 1622 491 1678 rei
517 1620 654 1695 publicae
682 1640 741 1679 non
768 1621 801 1678 in
823 1620 984 1695 praeclaris
1013 1639 1113 1678 nume·

95 1711 189 1783 retur,
211 1711 303 1768 immo
327 1709 522 1785 depravatum
546 1713 591 1768 est
614 1730 648 1769 ex
671 1709 796 1784 Fabio,
826 1711 861 1767 ut
888 1701 1029 1768 ridetur.2
1074 1709 1114 1767 Et

94 1817 165 1856 cum
192 1797 283 1874 paulo
311 1800 381 1874 post
407 1797 530 1873 Pompei
557 1799 595 1857 ab
622 1799 754 1857 Antonio
781 1797 893 1856 mentio
926 1797 992 1872 fiat,
1025 1798 1115 1857 liceat

95 1887 151 1947 hos
174 1886 248 1947 duos
272 1889 352 1946 viros
380 1906 440 1946 non
463 1887 507 1946 ita
530 1888 619 1965 longo
642 1886 785 1963 temporis
808 1888 906 1963 spatio
931 1906 948 1945 a
971 1886 1113 1963 Pompeio

94 1976 243 2036 distantes
269 1994 420 2052 quaerere.
465 1976 524 2035 Hic
547 1980 648 2035 autem
676 1977 880 2048 admonemus,
914 1976 992 2051 quod
1020 1994 1115 2052 nuper

96 2067 235 2141 exposuit
265 2064 433 2124 Fridericus
460 2066 628 2125 Muenzer
658 2066 690 2124 in
717 2065 845 2125 Hermae
873 2065 931 2124 vol.
951 2064 1003 2123 XL
1028 2066 1112 2124 1905

96 2174 126 2230 p.
148 2154 188 2213 95
210 2172 273 2229 sqq.
319 2152 406 2213 Anno
426 2156 505 2212 enim
524 2174 592 2214 au.
608 2173 631 2214 c.
647 2155 710 2214 697
731 2147 897 2235 (001100.
915 2146 971 2234 57)
992 2157 1115 2229 propter

94 2261 234 2302 annonae
257 2245 413 2302 caritatem
431 2247 529 2302 motus
548 2244 660 2303 Romae
679 2244 826 2304 exstitisse
844 2245 905 2302 iam
925 2246 1014 2302 antea
1036 2262 1114 2303 com·

95 2335 216 2408 portum
239 2330 420 2391 habebamus
442 2353 456 2390 e
475 2332 571 2392 Dione
596 2331 697 2392 Cassio
719 2332 845 2391 XXXIX
865 2335 898 2391 9:
922 2329 1062 2410 Κατῆλθὲ
1084 2354 1114 2391 τε

94 2411 154 2480 οὖν
184 2417 200 2480 ὃ
228 2417 406 2501 Κικέρων,
439 2419 488 2480 καὶ
519 2420 605 2500 χάριν
636 2429 670 2503 τῇ
699 2443 728 2481 τε
756 2422 848 2502 βουλῇ
879 2419 927 2480 καὶ
955 2426 996 2505 τῷ
1030 2420 1113 2505 δήμῳ

94 2507 309 2588 παρασχόντων
331 2508 410 2592 αὐτῷ
432 2518 492 2570 τῶν
515 2509 636 2570 ὑπάτων
658 2509 708 2571 καὶ
730 2508 802 2570 κατὰ
830 2509 860 2569 τὸ
885 2508 1042 2586 συνέδριον
1065 2509 1114 2570 καὶ

94 2597 170 2658 κατὰ
193 2596 248 2676 τὴν
271 2597 428 2676 ἐκκλησίαν
450 2598 534 2679 ἔγνω.
557 2603 598 2681 τῷ
621 2620 650 2658 τε
674 2599 823 2684 Πομπηίῳ
846 2596 901 2675 τὴν
925 2597 1036 2679 ἔχθραν
1059 2598 1114 2675 τὴν

91 2684 145 2747 ἐπὶ
176 2695 212 2769 τῇ
245 2696 326 2768 φυγῇ
360 2686 461 2766 μεθεὶς
497 2687 665 2768 00001101γο
706 2687 756 2748 καὶ
792 2688 846 2765 τήν
879 2710 911 2768 γε
947 2687 1114 2768 εὐεργεσίαν

190 2859 215 2925 1)
235 2856 298 2910 Το11
316 2860 426 2913 1011000
444 2858 646 2913 haesitationes
665 2858 729 2912 tolli
751 2874 833 2927 posse
852 2861 957 2927 putem.
996 2857 1036 2911 De
1056 2857 1114 2911 Sci-

94 2927 183 2997 pione
201 2928 358 2983 Aemiliano
378 2930 441 2983 ideo
460 2947 517 2984 non
536 2929 656 2999 eogitari
674 2932 783 2999 potest,
807 2929 881 2996 qnod
901 2947 935 2983 ex
953 2945 1026 2983 anno
1046 2946 1071 2982 a.
1086 2947 1112 2982 u.

96 3016 122 3054 0.
137 3003 189 3053 586
214 3002 275 3069 (168
300 3017 324 3055 0.
345 2998 406 3055 chr.
426 3003 464 3069 0.)
492 3000 630 3055 tributum
657 3018 713 3055 000
740 3001 798 3054 iam
825 3000 1024 3069 imponebatur
1047 2999 1113 3069 (Cic.

95 3071 133 3125 de
144 3069 188 3126 off.
203 3070 229 3124 Π
244 3076 291 3137 ‘163
310 3071 383 3126 Plut.
398 3071 498 3127 Aemil.
514 3072 591 3127 Paul.
603 3077 646 3126 38.
679 3072 880 3141 Marquardt
899 3072 990 3126 Rocm.
1006 3072 1112 3126 Stcats-

95 3142 268 3214 oerwoltwnp
280 3142 324 3196 11²
342 3162 369 3212 p.
381 3150 431 3197 177
443 3147 503 3213 00).
577 3147 602 3213 2)
623 3143 661 3197 Ut
683 3145 751 3211 viri,
775 3143 824 3210 qui
841 3143 931 3197 libera
950 3160 980 3196 re
998 3142 1114 3212 publica

97 3211 228 3278 florebat,
247 3215 329 3269 nobie
348 3215 378 3267 in
396 3217 520 3270 mentem
538 3215 640 3279 veniat,
660 3215 818 3284 proximum
838 3217 894 3280 est,
914 3215 981 3283 0010
1004 3214 1114 3282 1011000

96 3283 229 3354 exempla
251 3302 286 3340 ex
308 3287 407 3341 eodem
430 3290 556 3356 tempore
580 3287 729 3355 desumpta
756 3289 829 3340 0001.
867 3285 994 3340 Ceterum
1019 3286 1113 3338 nescio

97 3371 136 3410 an
155 3354 327 3411 adiectivum
341 3358 417 3426 quod
430 3360 546 3412 vocatur
560 3374 577 3411 a
590 3356 742 3412 Fabiorum
755 3357 867 3410 nomine
884 3357 1041 3412 derivatum
1055 3358 1115 3411 Fa-

100 3427 201 3482 bianae
220 3444 284 3481 cum
303 3428 398 3498 aliquo
417 3429 593 3484 substantivo
606 3429 793 3493 ,coniunctum
807 3427 912 3482 lectum
931 3429 968 3482 011
986 3429 1016 3481 10
1034 3429 1114 3481 textu

97 3514 184 3567 quem
202 3499 350 3569 exscripsit
367 3500 515 3554 Antonius.
549 3500 621 3554 Vide
640 3501 727 3554 etiam
746 3517 833 3570 supra
849 3504 924 3568 pis
942 3500 1053 3552 admix

153 3597 231 3647 Suppl.
243 3597 341 3639 ciceron.
357 3600 391 3641 ed.
402 3601 611 3654 Knoellinsser.
963 3590 985 3635 Q
