2422 3856
461 131 661 181 PRAEFATIO
1058 128 1084 181 V

64 247 215 340 dicei-onis
235 280 269 338 de
289 279 449 358 virtutibus
472 279 549 338 liber
567 279 691 338 Antonii
710 278 902 356 temporibus,
926 280 1082 353 disseram3

62 369 192 444 denique
214 370 302 428 huius
320 370 390 427 libri
412 369 580 446 fragmenta
604 369 753 445 colligam,
778 368 876 443 quoad
899 388 934 426 ex
956 369 1082 427 Antonii

10 509 12 514 .
62 458 163 518 uerbis
185 459 305 518 restitui
326 461 461 534 possunt.

10 609 11 612 ,
155 548 213 607 Sed
227 551 315 606 antea
333 547 480 606 monenda
498 550 569 606 sunt
587 548 666 605 haee.
698 545 848 605 Antonius
867 546 977 605 librum
996 565 1082 606 suum

63 656 160 713 quem.
184 637 235 696 Lo
257 636 366 696 Soludc
397 637 575 712 inscriptum
607 655 669 695 esse
700 653 790 710 supra
818 636 947 695 diximus
975 635 1081 695 Ioanni

25 737 28 740 ’
64 724 222 784 Calabriae
245 725 336 800 Duoi,
358 726 468 784 Renati
492 724 610 783 Siciliae
633 726 712 802 regis
736 724 798 783 filio
822 724 979 784 dedicavit.
1024 724 1082 784 Hic

63 814 191 874 Ioannes
228 817 323 892 igitur
358 818 384 874 is
417 818 475 888 est,
515 833 603 890 quern
635 814 829 888 compluries
844 814 876 871 iii
895 813 995 889 'opere
1028 832 1081 873 suo

64 905 170 963 auctor
192 906 268 962 Moe
291 909 348 962 tres
370 902 507 963 redoubtd
526 906 660 977 seigneur
691 903 831 979 appellat.
878 903 919 962 Et
941 903 1082 962 laudatur

67 993 166 1051 Palles
197 996 317 1068 praeter
348 993 428 1052 locos
463 993 544 1050 infra
581 1010 732 1067 expressos
768 994 800 1050 in
837 990 960 1051 Antonii
995 1012 1081 1068 opere

62 1099 213 1157 nusquam
237 1074 327 1163 (teste
351 1081 571 1156 Soederhjelmo
592 1080 753 1160 Oefoersipt
773 1102 802 1157 p.
820 1073 916 1162 2sq.).
957 1081 1081 1140 Tradita

64 1173 167 1230 antem
199 1174 269 1231 sunt
296 1171 421 1230 Antonii
454 1171 544 1230 verba
576 1169 689 1230 duobus
721 1170 815 1245 libris,
848 1171 948 1230 codice
978 1190 1080 1229 manu·

65 1261 177 1334 scripto
206 1260 391 1318 Bruxellensi
416 1261 471 1334 18,
488 1262 551 1319 210
582 1279 670 1336 quem
699 1260 776 1337 siglo
804 1259 831 1317 A
854 1263 1023 1319 notavimus
1052 1264 1081 1319 et

64 1348 142 1408 libro
166 1351 247 1425 typis
272 1367 407 1425 expresso
431 1351 530 1421 uetere
554 1352 602 1407 eui
629 1349 661 1406 in
690 1352 838 1424 apparatu
861 1369 949 1424 quem
972 1352 1081 1408 vocant

63 1439 168 1498 critico
193 1442 238 1497 est
261 1439 370 1516 siglum
392 1438 417 1495 B
442 1438 584 1497 additum.
626 1437 757 1519 Quorum
780 1438 923 1496 librorum
948 1439 1024 1497 alter
1046 1458 1081 1498 ex

65 1526 160 1586 altero
192 1528 319 1603 pendere
349 1546 408 1586 non
435 1527 566 1601 videtur,
600 1545 659 1603 qua
688 1527 724 1586 de
751 1545 783 1584 re
811 1527 989 1586 conferenda
1012 1531 1081 1586 sunt

64 1635 143 1692 quae
168 1616 403 1692 Scederhjelmus
429 1614 588 1690 chcerstpt
609 1619 677 1692 pl
703 1619 733 1674 et
755 1636 784 1692 p.
805 1617 845 1674 13
866 1635 909 1692 sq.
934 1618 1079 1692 exposuit.

65 1704 107 1764 ut
133 1725 209 1782 quae
240 1708 289 1764 hio
320 1706 367 1765 vir
398 1706 501 1766 doctus
533 1707 660 1781 correxit
690 1708 744 1764 aut
776 1705 901 1764 coniecit
927 1706 1031 1765 littera
1061 1705 1080 1764 S

64 1794 211 1871 signavi.'
236 1795 345 1854 Noster
378 1798 477 1853 autem
504 1798 603 1853 textus
636 1813 816 1870 quamquam
848 1795 880 1852 in
908 1797 1098 1870 universum,

65 1902 101 1941 ex
131 1882 229 1942 codice
260 1903 313 1943 ms.
343 1876 400 1965 (A)
428 1883 550 1961 pendet,
579 1887 681 1943 tamen
711 1883 828 1958 aliquot
856 1882 929 1943 loeis
958 1883 1079 1942 dubium

63 1990 125 2032 non
152 1977 197 2031 est
227 1975 300 2049 quin
326 1973 402 2032 liber
428 1975 510 2049 typis
538 1991 692 2048 expressus
716 1964 771 2053 (B)
798 1974 940 2031 maiorem
970 1973 1081 2033 habeat

65 2062 283 2120 auctoritatem.
329 2062 488 2121 Praeterea
511 2065 545 2120 ut
567 2062 689 2121 mendas
714 2062 959 2138 orthographicas
983 2063 1079 2137 omisi,

62 2147 109 2208 ita
132 2168 182 2209 eas
209 2150 346 2211 lectionis
371 2153 532 2211 varietates
557 2151 665 2211 addere
688 2151 761 2210 satis
789 2151 893 2223 habui,
921 2170 997 2228 quae
1026 2152 1079 2209 ali·

64 2240 150 2297 cuius
182 2244 252 2299 sunt
281 2242 437 2314 momenti,
470 2259 537 2298 curn
563 2239 694 2316 reliquas
723 2239 802 2314 apud
827 2239 1080 2316 Soederhjelmum

63 2326 207 2387 invenias
261 2330 364 2405 Neque
398 2348 432 2388 ea
460 2330 578 2408 neglexi
611 2329 815 2388 additamenta
848 2347 923 2405 quae
957 2328 1079 2388 Soeder-

62 2415 190 2492 hjelmus
214 2419 246 2475 in
268 2419 345 2477 libro
368 2420 429 2477 iam
452 2437 542 2495 supra
569 2418 691 2477 laudato
716 2420 769 2494 qui
795 2417 969 2477 inscribitur
990 2418 1080 2477 Notes

62 2524 118 2565 sur
140 2495 267 2565 dutoiue
289 2509 324 2566 de
346 2509 377 2566 lo
399 2507 467 2566 Sole
489 2528 518 2582 p.
539 2509 579 2566 62
605 2507 671 2567 adn.
692 2508 710 2565 3
735 2507 895 2583 supplevit.
942 2506 1079 2566 Ceterum

62 2613 160 2671 neque
183 2598 312 2656 codicem
336 2615 430 2671 neque
454 2597 615 2655 editionem
638 2598 701 2672 ipse
724 2597 854 2672 inspexi,
874 2596 932 2656 sed
957 2596 1079 2656 Soeder-

61 2684 168 2760 hJelmi
189 2685 292 2746 libello
316 2705 385 2745 usus
409 2689 523 2744 textum
547 2689 695 2745 constitui.
973 2681 977 2688 ’
