2422 3856
359 133 415 188 LA
433 132 606 188 SALADE.
644 134 699 189 LA
716 133 852 189 SALLE
1072 134 1114 198 39

95 277 218 342 bonum
241 275 288 342 roi
315 277 464 362 publicae
492 282 525 342 ot
553 277 851 363 quamplurimum
881 301 1013 365 augere,
1040 302 1116 364 praa

95 375 211 441 sotoris
234 375 357 441 soilioot
378 377 562 460 pecuniam,
586 399 669 460 quae
692 381 741 441 est
764 381 796 442 et
825 377 966 464 obtingit
993 379 1115 443 oivibus

95 473 220 538 ventris.
266 471 387 539 Octava
408 497 459 539 ros
483 479 544 558 est,
572 479 609 539 ut
632 475 717 539 bono
741 479 773 539 et
796 480 882 540 oorto
906 476 1041 541 oonsilio
1065 477 1116 540 de·

94 570 235 636 fondatis
257 571 422 637 libertates
445 577 569 638 vostras
593 578 626 637 et
648 574 719 637 iura
743 572 782 637 ab
805 575 861 658 iis,
890 574 946 659 qui
968 597 1027 640 vos
1050 574 1115 639 illis

95 669 223 753 privare
245 669 368 754 volunt,
392 673 424 735 et
446 669 545 734 simili
569 671 665 735 modo
689 671 808 736 civium
830 672 910 736 iura.

184 767 230 832 Et
247 766 301 833 hio
314 769 412 833 finem
431 769 558 852 oapient
575 773 648 834 ooto
667 791 737 834 mea
756 792 856 856 grana
871 771 1005 857 gloriosi
1024 773 1115 836 somi-

93 865 156 949 nis,
179 869 211 929 ot
233 870 444 931 summumst
467 867 719 951 omnipotentem
739 868 833 932 doum
857 872 1003 933 sanatum
1023 869 1114 953 spiri-

95 967 175 1047 tum,
199 985 238 1028 ex
256 985 320 1048 quo
339 964 434 1029 nobis
453 966 560 1030 omnia
579 965 664 1030 bona
683 987 781 1050 opera
799 970 984 1051 nascuntur,
1002 988 1116 1051 precor

94 1065 133 1126 ut
163 1061 256 1126 vobis
290 1062 345 1126 det
376 1064 513 1149 gratiam
546 1063 602 1126 illa
634 1086 734 1150 grana
767 1065 893 1129 serendi
925 1065 958 1128 in
994 1065 1114 1130 bonum

93 1158 226 1226 hortum
249 1159 354 1224 cordis
376 1161 477 1225 vostri
504 1161 712 1246 nobilissimi,
740 1184 804 1247 quo
834 1162 962 1246 possint
990 1162 1024 1225 in
1047 1161 1114 1226 dios

93 1256 211 1322 molius
238 1257 352 1322 florere
385 1264 418 1323 et
444 1260 570 1324 fructus
600 1261 699 1324 odoro.
745 1259 789 1324 Et
820 1260 929 1325 eadem
959 1260 1002 1324 sit
1031 1261 1113 1324 ratio

92 1354 129 1420 in
153 1355 301 1420 omnibus
325 1355 398 1421 aliis
424 1358 626 1442 principibus
650 1356 835 1422 christianis
858 1363 890 1423 ot
913 1358 1058 1443 dynastis
1082 1363 1114 1423 ot

93 1452 243 1535 dominis,
267 1453 396 1538 quires
419 1455 565 1538 publicas
590 1455 793 1541 gubernant(

183 2432 275 2498 Siout
293 2430 429 2496 Tullus
447 2431 482 2495 in
500 2431 584 2496 libro
604 2453 662 2497 suo
682 2432 732 2497 De
753 2433 917 2498 virtutibus
940 2436 972 2496 et
1000 2433 1033 2496 in
1058 2455 1106 2498 oa-

91 2533 162 2617 pito
185 2531 271 2616 quod
295 2534 344 2594 est
367 2529 406 2594 de
430 2530 630 2609 continentia
651 2530 775 2615 profert
794 2529 974 2613 exemplum
997 2531 1108 2596 mulio-

91 2631 147 2714 riS,
166 2651 247 2714 quae
265 2627 416 2694 maritum
435 2629 634 2693 suumouius
653 2627 774 2693 halitus
792 2628 909 2692 mirum
928 2630 962 2692 in
980 2629 1110 2695 modum

91 2727 237 2794 foetebat
265 2729 433 2810 tantopere
463 2726 603 2810 amabat,
633 2730 670 2790 ut
700 2747 771 2791 oum
801 2725 882 2789 forte
913 2727 1011 2790 amita
1042 2727 1110 2791 eius

92 2825 225 2890 dioarott
249 2823 350 2888 ‘Heus
373 2828 418 2908 tu,
441 2825 548 2906 amita,
572 2825 732 2908 quomodo
756 2823 908 2888 foetidam
931 2824 1038 2889 mariti
1062 2825 1110 2888 tui

92 2923 232 2988 animam
259 2922 397 2986 tolerare
424 2922 554 3006 potes?'
583 2944 620 2986 ea
646 2922 814 2987 subridens
842 2921 975 2987 diceret:
1005 2921 1110 3007 ‘Quia

92 3019 230 3086 aliorum
253 3020 395 3084 virorum
417 3018 539 3084 halitus
561 3041 668 3084 nonno
692 3020 773 3085 tales
797 3021 911 3085 suntl'
