2422 3856
455 142 510 196 LA
529 142 696 197 SALADE
724 140 725 143 ’
788 185 789 191 ,
1067 142 1090 206 9

71 288 244 354 cohibeant
267 291 299 352 et
323 287 509 352 contineant
532 287 566 351 in
590 309 648 352 suo
667 309 827 372 quemque
848 287 918 353 iure
936 309 973 352 ac
995 288 1094 352 bene-

70 387 153 452 ficiis
177 386 321 451 afficiant
342 384 445 450 bonos
465 388 498 449 et
515 385 653 468 puniant
671 385 874 470 deiciantque
896 384 999 451 malos
1023 385 1094 450 suis

72 506 232 569 quemque
256 505 315 567 pro
338 483 472 548 meritis.
517 483 562 547 Et
590 487 688 568 certe,
716 484 762 548 mi
790 484 919 548 domine
946 504 1107 574 reveren-⁸

72 583 212 666 dissime,
235 581 307 646 dioo
330 580 423 646 vobis
447 580 530 644 hano
548 580 700 649 virtutem
726 603 796 645 eam
820 603 889 646 esse
913 604 994 666 quae
1018 604 1094 647 con·

71 684 177 745 servet
200 679 371 764 principes,
393 700 444 743 res
468 678 615 763 publicas
639 683 768 764 augeat,
795 679 891 744 urbes
915 679 1094 764 amplificet

70 782 103 843 11
123 800 186 861 eos,
209 777 265 861 qui
284 798 342 861 per
360 777 451 863 iilam
469 776 585 861 seipsi
604 782 729 863 regunt.
766 776 852 843 Nam
871 779 941 842 sine
964 778 1095 843 iustitia

71 876 211 941 mundus
234 874 318 964 nihil
341 879 426 940 esset
454 879 486 939 et
512 875 656 959 reliquae
678 875 816 940 virtutes
843 898 908 941 non
935 875 1095 941 heberent

70 1073 157 1136 furta
179 1072 320 1137 invidiae
344 1075 375 1136 et
403 1071 488 1135 mala
515 1071 619 1136 multo
649 1070 743 1156 plura
771 1094 868 1156 quam
896 1094 983 1138 nuno
1005 1077 1093 1156 sunt,

70 1170 155 1234 unde
178 1170 252 1234 finis
275 1171 369 1235 fieret
390 1169 511 1233 mundi.
774 1229 778 1237 s

159 1267 255 1333 Etsi
279 1269 352 1351 quis
376 1268 415 1331 de
438 1266 551 1333 Tullo
577 1272 709 1352 quaerat
732 1290 790 1334 cur
818 1269 973 1355 adiungat
1000 1269 1093 1333 iusti-

69 1367 134 1431 tiae
157 1366 425 1527 misericordiam,
448 1387 522 1430 cum
545 1365 671 1430 iustitia
699 1388 757 1451 per
784 1365 818 1431 se
845 1371 912 1431 tam
936 1366 1094 1432 terribilis

70 1464 311 1550 etrigida]
255 1468 298 1528 srt
339 1467 582 1529 utannemo
525 1468 582 1528 tan
582 1468 635 1529 tus
664 1465 720 1550 sit,
750 1487 847 1551 quem
874 1486 940 1529 non
967 1470 1094 1531 terrore

70 1562 201 1646 afficiat,
225 1562 252 1626 si
277 1565 386 1625 eumt
388 1559 567 1647 ettige'ri,e
551 1561 827 1627 etmisericordia
849 1567 917 1627 11111
936 1563 1039 1628 dulcis
1059 1569 1095 1628 et

71 1659 210 1724 iucunda
242 1660 298 1744 sit,
330 1664 368 1724 ut
399 1660 568 1725 confirmet
596 1664 628 1747 ct
661 1660 791 1726 adiuvet
819 1662 963 1744 timidos,
992 1683 1095 1746 quare

71 1759 191 1822 mirum
212 1759 254 1822 sit
278 1758 473 1845 coniungere
497 1758 701 1823 severitatem
720 1781 794 1825 cum
807 1761 984 1845 suavitate,
1008 1782 1094 1844 quae

71 1857 152 1921 duae
175 1878 226 1920 res
250 1856 313 1921 sibi
332 1857 511 1922 contrariae
530 1857 603 1942 sint,
625 1855 710 1942 huic,
733 1858 779 1922 mi
799 1857 927 1923 domine
945 1850 1094 1930 reveren]-
1188 1901 1202 1929 ;

71 1955 212 2037 dissime,
231 1954 404 2038 respondet
419 1954 556 2019 Tullus
571 1955 729 2020 iustitiam
742 1953 883 2020 humane
902 1961 934 2021 et
954 1955 1094 2034 dulciter

72 2052 284 2136 gubernatam
312 2052 472 2116 nominari
499 2075 593 2137 posse
621 2054 888 2138 misericordiam,
917 2077 993 2119 nam
1020 2076 1094 2118 sua·

70 2149 154 2213 vitas
185 2150 288 2233 pietas
317 2149 503 2215 humanitas
534 2151 783 2234 proficiscuntur
813 2175 832 2216 a
861 2153 1092 2218 misericordia.

71 2245 119 2311 At
149 2248 176 2310 si
205 2248 368 2331 corruptio
399 2247 529 2313 delituit
560 2249 595 2312 in
626 2250 740 2314 umbra
772 2251 1002 2335 miserationis,
1034 2251 1094 2315 illa

71 2348 156 2409 certe
175 2345 338 2410 miseratio
357 2344 448 2410 nulla
467 2351 525 2430 est,
548 2347 647 2412 immo
666 2346 748 2412 falsa
767 2370 804 2413 ao
823 2348 1010 2414 detestanda
1031 2353 1094 2431 est,
1169 2373 1171 2378 ·

71 2464 144 2508 cum
181 2466 218 2507 ea
255 2465 321 2508 non
361 2445 557 2509 nominanda
599 2447 642 2509 sit
675 2446 942 2531 ‘misericordia'‚
977 2468 1092 2512 verum

71 2542 216 2606 miseria
238 2543 400 2607 concors'
447 2542 557 2608 Etiam
581 2544 659 2608 iusti
660 2545 706 2608 tia
729 2546 874 2629 asperius
898 2549 930 2609 et
949 2545 1092 2610 severius

69 2639 136 2704 cult
122 2644 165 2724 ta,
189 2661 286 2724 quam
309 2645 473 2725 peccator,
499 2642 555 2726 qui
579 2643 618 2706 ad
641 2641 763 2707 malum
785 2643 911 2708 facinus
935 2643 1093 2728 procedit

71 2742 244 2848 exspectat,
221 2739 382 2804 tetdici
405 2743 514 2823 potest
500 2739 674 2804 torudelit
660 2744 760 2805 tatem
783 2741 830 2806 ibi
849 2745 881 2805 et
904 2740 1089 2902 superbiam
1164 2744 1167 2748 ’

69 2837 183 2919 inesse,
207 2858 288 2920 quae
311 2835 406 2920 plane
429 2837 641 2922 vituperanda
664 2843 748 2903 sunt.
795 2837 918 2916 Quibus
940 2840 1031 2904 vitiis
1054 2841 1092 2903 in

68 2934 182 2998 umbra
204 2935 422 3000 miserationis
444 2938 541 3019 atque
560 2936 657 3000 etiam
679 2937 781 3001 nimia
800 2936 988 3002 crudelitate
955 2942 1092 3002 non·
1111 2935 1113 2939 ’

69 3031 177 3097 nullae
207 3033 361 3097 dominat
338 3037 443 3099 tiones
474 3034 515 3097 ad
545 3034 799 3101 deminutionem
827 3035 945 3101 adduct
931 3040 983 3100 tae
1013 3039 1093 3100 sunt
1193 3103 1194 3107 ,

70 3133 103 3192 et
135 3152 229 3215 saepe
261 3132 401 3215 turpiter
428 3133 601 3215 perierunt
646 3132 756 3216 Atque
785 3134 839 3199 hie
871 3134 968 3198 finem
1001 3134 1092 3217 capit

68 3228 211 3312 primum
234 3251 342 3294 meum
367 3251 504 3315 granum
528 3231 668 3295 seminis.
