2422 3856
427 920 474 994 ΙΙ.
508 919 851 993 commentationes

606 1097 667 1176 §1

131 1237 232 1315 Quae
265 1238 388 1324 adhuc
421 1238 464 1303 do
495 1236 694 1302 Ciceronis
724 1238 768 1302 de
797 1237 1150 1305 virtutibuslibro

373 1348 465 1409 nota
486 1344 633 1409 fuerint
656 1345 906 1432 colliguntur.

218 1475 383 1550 Postquam
405 1475 461 1533 tali
483 1474 571 1534 modo
590 1474 717 1533 Antonii
739 1476 775 1534 de
799 1477 829 1534 la
848 1474 917 1534 Sale
935 1477 1027 1535 verba
1049 1477 1150 1536 reddi-

130 1565 241 1639 dimus,
272 1565 415 1639 quoniam
442 1565 491 1623 hic
519 1565 682 1624 sententias
712 1583 781 1625 suas
809 1565 840 1623 in
863 1564 963 1624 Tulli
989 1565 1067 1624 libro
1096 1567 1150 1641 qui

130 1655 291 1729 inscriptus
320 1653 359 1712 sit
382 1654 595 1713 decimalibus
618 1671 648 1714 se
671 1654 779 1732 legisse
807 1654 951 1730 affirmat,
978 1657 1149 1732 proximum

131 1746 185 1818 est,
208 1745 244 1800 ut
267 1761 455 1818 quaeramus,
480 1744 645 1802 sciamusne
668 1744 803 1802 Tullium
828 1743 1012 1819 Ciceronem,
1037 1745 1150 1820 quippe

132 1850 221 1907 quem
253 1832 381 1908 scriptor
410 1831 652 1910 Franoogellious
684 1836 817 1908 spectare
847 1831 998 1907 videatur,
1028 1851 1149 1909 compo-

131 1923 224 1981 suisse
234 1920 270 1979 de
280 1920 441 1980 virtutibus
452 1919 717 1981 commentarium?
746 1921 846 1998 Atque
860 1921 931 1981 talis
944 1922 1022 1980 liber
1034 1941 1067 1980 re
1076 1941 1152 1981 vera

130 2011 203 2084 fuit,
226 2009 373 2086 siquidem
397 2010 569 2069 confidimus
592 2010 718 2070 testibus
741 2011 802 2069 illis
826 2012 972 2086 antiquis,
994 2011 1046 2086 qui
1069 2011 1152 2070 hunc

130 2100 267 2158 libellum
287 2102 599 2173 commemoravenmt,
619 2097 753 2158 (lharisio
769 2099 952 2176 Hieronymo
967 2100 1149 2177 Augustino.

130 2189 209 2248 Nam
229 2186 415 2247 (lharisius
439 2187 662 2266 grammaticus,
686 2191 738 2264 qui
755 2189 864 2248 vixisse
881 2189 1002 2248 videtur
1022 2193 1151 2249 exeunte

131 2277 250 2337 saeculo
279 2298 307 2354 p.
333 2275 399 2335 chr.
427 2297 455 2336 n.
484 2279 590 2351 quarto
598 2270 618 2353 ¹,
644 2296 748 2336 vocem
773 2281 944 2352 neutiquam
971 2281 1085 2353 promit
1113 2298 1150 2337 ex

130 2367 186 2425 hoo
206 2366 283 2425 libro
308 2358 337 2447 (Ι
354 2386 383 2443 p.
400 2366 473 2440 208,
490 2367 529 2424 15
549 2358 614 2447 K.):
640 2366 738 2426 Otcero
756 2369 789 2426 ia
807 2370 1011 2426 commentario
1030 2369 1066 2426 de
1088 2370 1149 2427 oir-

130 2456 240 2515 tata'tos
270 2451 357 2514 ‘illud
384 2457 554 2529 aeatiqaam
581 2451 761 2528 qarobaates'.
806 2455 1048 2532 Hieronymus
1075 2476 1151 2516 vero

131 2543 267 2604 Charisia
291 2547 389 2603 aetate
413 2544 588 2603 coniunctus
613 2543 761 2604 Ciceronis
792 2545 828 2604 (le
851 2545 1013 2605 vntutibus
1036 2546 1148 2604 librum

131 2636 343 2693 commemorat
364 2634 398 2692 in
416 2635 607 2694 commentar.
630 2635 662 2691 in
685 2633 860 2694 Zachariam
884 2633 938 2695 11
960 2628 1020 2714 (VI
1036 2655 1066 2711 p.
1083 2637 1148 2696 792

129 2714 283 2804 Vellera),
306 2723 358 2781 ubi
390 2723 477 2781 dicit:
516 2720 713 2792 Ostenduntur
749 2726 775 2783 ei
808 2720 857 2801 (sc.
886 2723 1049 2782 Zachariae
1076 2742 1151 2798 pro·

126 2804 247 2893 phetae)
280 2830 300 2871 a
330 2812 459 2872 Domino
492 2816 628 2886 qaattaor
648 2813 790 2882 ,vinalem
818 2813 993 2886 prudentia,
1024 2814 1152 2882 taetitia,

130 2899 278 2974 fortitudo,
305 2903 506 2976 temperantia,
534 2901 569 2960 dc
597 2902 702 2976 quibas
723 2902 895 2976 praesare
921 2905 955 2961 ia
981 2904 1151 2975 officioram

130 2990 214 3048 tibris
230 2990 345 3049 {latitas
364 2991 644 3065 damnassemus
657 2983 814 3065 propriam
833 3009 944 3066 qaoqaa
962 2991 997 3048 de
1011 2995 1152 3065 quattuor

129 3079 284 3138 uirtutibus
303 3079 417 3138 libram.
464 3078 505 3137 nt
521 3078 761 3157 Augustinus,
785 3080 839 3157 qui
861 3079 964 3140 eodem
987 3080 1049 3138 fere
1072 3083 1148 3139 tem·

130 3186 201 3244 pore
225 3167 364 3242 florebat,
391 3170 471 3227 inter
498 3186 546 3227 eos
570 3168 682 3244 quide
709 3169 873 3229 virtutibus
902 3169 1032 3248 egissent
1054 3169 1148 3229 fuisse

132 3259 224 3316 etiam
241 3257 373 3315 Tullium
392 3257 467 3315 dicit
489 3257 519 3315 in
542 3257 619 3317 libro
642 3276 695 3318 suo
720 3259 771 3335 qui
794 3262 839 3318 est
861 3258 897 3317 de
919 3258 1056 3317 trinitate
1074 3258 1149 3317 XIV

211 3445 242 3511 1)
258 3443 292 3497 Si
302 3446 382 3500 reate
392 3444 516 3501 coniecit
524 3444 631 3500 Usener
644 3444 675 3498 in
688 3462 758 3501 mus.
768 3445 953 3502 RhenllXIII
967 3449 1037 3500 1868
1050 3450 1149 3516 pm.
