2422 3856
377 186 378 190 =
449 143 521 205 'LA
539 143 708 205 SALADE
1058 148 1099 213 13

75 299 129 361 tot
152 295 227 360 novi
252 316 345 359 casus
369 298 466 379 atque
490 294 654 359 inauditae
680 316 746 377 res,
774 315 856 379 quae
881 294 1011 358 animus
1034 316 1099 358 non

77 394 234 480 cogitare,
256 391 370 477 lingua
392 414 458 476 non
483 391 591 478 eloqui
613 392 729 457 valeat.
776 392 906 457 Testem
929 391 1025 457 huius
1054 392 1101 456 rei

76 491 174 556 vobis
204 490 286 555 dabo
315 490 447 554 'l'roiam
475 512 641 577 magnam,
669 513 751 576 quae
778 490 949 554 nobilitate
978 490 1100 554 divitiis

81 588 273 654 fortitudine
300 587 470 653 hominnm
499 588 744 673 opulentissima
776 588 810 652 in
838 587 923 652 bello
951 588 1100 653 incendio

80 687 187 752 deleta
210 686 373 751 destructa
394 685 504 750 diruta
528 690 586 771 est,
608 686 751 772 itemque
774 685 922 770 †Gayte,
945 685 1100 769 Athenas,

77 785 217 868 Thebas,
241 783 480 870 Carthaginem,
503 783 650 869 Romam,
674 806 756 869 quae
782 783 866 848 nihil
889 788 947 868 est,
971 785 999 849 si
1023 784 1102 868 quid

77 883 179 946 fuerit
203 886 342 967 spectas,
365 882 550 966 multasque
574 882 654 948 alias
677 883 835 947 maximas
859 886 891 947 et
914 882 1101 968 potentissi-

77 1002 149 1044 mas
178 980 325 1045 civitates
352 979 439 1044 bello
469 979 511 1044 ab
545 980 645 1064 stirpe
678 980 863 1044 exstinctas.
908 979 1033 1062 Etiam,
1060 1002 1100 1068 ne

78 1078 210 1165 longius
237 1078 440 1163 progrediar,
472 1082 585 1142 nostra
613 1081 717 1143 aetate
745 1082 866 1163 quanto
895 1079 929 1142 in
956 1079 1099 1163 periculo

78 1180 112 1240 εὴ
136 1176 321 1241 discrimine
344 1175 408 1239 fuit
430 1175 494 1240 hoc
517 1197 654 1261 regnum
676 1175 831 1241 Franciae
860 1181 892 1240 et
915 1199 1013 1261 quam
1037 1177 1101 1260 diu,

78 1274 167 1359 quod
194 1295 280 1338 nunc
309 1273 360 1338 dei
388 1273 494 1359 gratia
522 1274 629 1358 ample
657 1273 845 1338 restitutum
868 1278 917 1338 est
946 1278 1043 1359 atque
1065 1275 1100 1338 in

78 1372 148 1436 dies
171 1394 231 1456 pro
255 1372 341 1437 bono
366 1392 515 1436 successu
537 1371 705 1436 meliorem
733 1376 854 1456 sperat:
882 1394 964 1457 quae
992 1373 1100 1436 omnia

75 1467 266 1534 ¹acciderunt
297 1473 431 1553 propter
462 1468 548 1533 bella
566 1473 613 1534 .εὴ
645 1470 831 1535 discordias.
876 1467 990 1555 Itaque
1022 1471 1100 1535 boni

80 1568 203 1632 bellum
227 1568 364 1632 oderunt
383 1571 415 1632 et
433 1567 547 1652 populi
569 1568 711 1653 fugiunt,
734 1590 810 1632 nam
832 1569 918 1633 bona
941 1567 1046 1652 perdit
1068 1572 1100 1632 et

79 1666 164 1730 vitas
188 1665 376 1751 exstinguit.
422 1664 468 1729 At
490 1665 762 1751 tranquillitatem
779 1659 874 1750 ¹pacis
897 1665 1100 1750 praedicatae

78 1786 192 1829 omnes
215 1764 293 1828 boni
316 1763 388 1849 pari
411 1763 507 1828 modo
533 1763 728 1849 desiderant,
756 1785 829 1829 cum
856 1763 892 1827 in
914 1763 999 1828 bona
1021 1773 1099 1848 pace

79 1861 203 1927 domini
236 1866 269 1926 et
300 1861 414 1947 populi
446 1864 520 1925 oum
553 1861 671 1947 gaudio
704 1865 737 1926 et
767 1860 892 1926 laetitia
924 1862 1035 1926 vivant
1067 1865 1100 1926 et

78 1961 181 2024 vitam
213 1959 384 2024 mortalem
422 1980 532 2024 secure
565 1959 697 2045 degant3
734 1982 810 2023 nam
842 1959 876 2023 in
907 1981 986 2046 pace
1018 1981 1100 2044 quae

78 2058 217 2141 quisque
249 2057 319 2121 iure
350 2056 461 2142 habet,
493 2078 528 2120 re
559 2079 635 2122 vera
668 2079 726 2122 sua
754 2079 823 2122 esse
850 2057 956 2122 dicere
982 2061 1100 2143 potest,

80 2154 159 2218 belli
182 2175 257 2218 vero
276 2158 422 2238 tempore
442 2177 553 2220 omnes
577 2155 611 2219 in
629 2177 747 2240 pavore
765 2155 881 2220 vivunt
900 2160 932 2220 et
950 2159 1099 2220 metuunt

79 2252 271 2337 corporibus
296 2256 328 2317 et
350 2252 445 2318 bonis
467 2274 572 2339 neque
600 2253 763 2319 affirmare
790 2257 928 2338 possunt
956 2275 989 2318 se
1013 2254 1100 2337 quic·

79 2373 177 2434 quam
199 2350 327 2430 habere,
351 2351 499 2435 quamvis
522 2351 633 2437 magni
652 2350 704 2415 vel
721 2355 870 2437 potentes
894 2351 968 2416 sint.
1005 2352 1099 2415 Prae-

76 2452 180 2533 terea,
203 2447 249 2512 mi
272 2448 401 2513 domine
423 2449 702 2536 reverendissime,
730 2450 857 2514 affirmo
881 2449 973 2514 vobis
998 2449 1098 2513 domi·

77 2569 158 2610 num
185 2568 251 2611 non
280 2549 359 2611 satis
391 2550 500 2611 tutum
533 2569 616 2632 esse,
648 2567 721 2612 oum
753 2552 867 2613 contra
897 2547 1098 2612 voluntatem

77 2666 201 2729 eorum,
225 2665 306 2728 quos
324 2644 418 2730 regit,
440 2644 634 2710 discordiam
651 2646 704 2709 vel
721 2645 843 2710 bellum
862 2645 957 2710 ineat.
994 2643 1098 2722 Quam

77 2741 227 2827 obrem,
255 2742 300 2806 mi
323 2742 466 2828 domine,
494 2743 565 2808 dico
588 2765 701 2828 paoem
729 2743 919 2829 cupiendam
948 2748 980 2808 et
1004 2765 1098 2827 quae-

78 2840 212 2904 rendam
236 2861 305 2904 esse
329 2840 500 2926 diligenter
527 2863 632 2926 neque
659 2841 889 2906 contumeliam
915 2841 962 2906 ibi
984 2841 1099 2906 timen-

78 2938 154 3003 dam
178 2959 260 3023 esse,
288 2938 345 3003 ubi
375 2939 426 3003 dei
454 2939 543 3004 iussa
569 2938 736 3005 habemus.
781 2938 868 3005 Nam
896 2939 953 3025 qui
980 2939 1098 3004 iniuria

79 3057 190 3118 pacem
214 3036 375 3121 repudiat,
404 3036 433 3101 ei
457 3037 535 3102 deus
559 3036 760 3109 adversatur:
788 3041 888 3103 testes
916 3038 1097 3121 complures

79 3134 143 3198 mei
167 3134 323 3218 temporis
346 3156 483 3220 pugnae.
529 3133 648 3220 Quare,
671 3135 717 3200 mi
741 3135 883 3219 domine,
910 3156 1022 3220 paoem
1045 3157 1098 3199 cu-

79 3231 230 3315 piendam
250 3254 319 3297 esse
338 3232 457 3298 diceet
472 3233 687 3318 quaerendam
705 3232 842 3297 honeste
861 3237 893 3298 et
912 3233 1097 3319 diligenter;

78 3333 112 3393 et
136 3329 192 3412 qui
213 3329 277 3395 hoc
298 3331 386 3416 facit,
410 3331 460 3396 dei
483 3331 607 3396 amicus
630 3335 679 3396 est
703 3335 734 3395 et
757 3335 884 3396 amatus
902 3354 921 3396 a
941 3332 1017 3415 suis,
1040 3330 1096 3414 qui
