2422 3856
458 127 514 182 uA
532 126 700 182 SALADE
1043 125 1086 190 33

61 271 349 357 Regulus,tet'iam
372 270 491 336 Lucius
511 271 674 356 Valerius,
702 271 850 355 Quintus,
875 270 993 356 Scipio·
1009 269 1086 336 Gor-

21 419 27 430 .
61 368 170 435 nelius
199 373 255 434 aut
241 369 365 434 ttBru
350 373 404 434 tus
432 371 552 454 aliique
579 324 675 434 multi
649 375 801 434 tmanu
828 373 895 433 tam
923 369 1024 433 fortes
1053 374 1086 433 et

61 467 227 541 commodi
248 468 495 552 re1publicaet
496 490 548 531 am
572 471 681 532 amant
682 490 770 550 es‚u
770 468 965 532 t'mallent
956 490 990 531 ιιι
1009 490 1085 551 pau-

60 569 188 652 pertate
215 567 322 631 vivere
350 570 382 631 et
409 567 493 630 mori
521 588 618 650 quam
647 559 860 631 conscientias
894 588 967 630 sues
995 559 1086 630 inho·

62 668 199 728 nestore.
244 662 289 728 Et
274 664 459 748 ttprofeco
483 664 545 728 ιιιι
572 667 664 728 tanta
686 663 806 728 virtute
833 664 972 748 praediti
999 686 1085 728 nunc

61 761 148 826 nulli
166 761 218 826 vel
241 763 393 846 perpauci
419 765 503 846 sunt,
527 784 625 846 quare
644 784 698 826 eos
723 759 847 846 quibis
866 761 956 826 vitiis
976 761 1085 826 obruti

61 863 140 924 sunt
169 860 408 925 difficillimum
425 863 474 924 est
503 859 711 944 compellare,
741 859 805 924 nisi
834 860 918 924 forte
949 849 996 924 ee¹
1013 860 1085 924 ‘sola

61 958 189 1022 ratione
208 958 247 1022 de
262 979 324 1041 qua
338 956 475 1039 Tullus
495 957 586 1024 dicit:
610 957 703 1025 ‘mihi
718 957 846 1041 quidem
864 957 983 1022 talibus
998 958 1085 1042 prin-

61 1055 192 1143 cipibus
211 1054 439 1120 difficillimum
454 1054 581 1144 videtur
600 1076 670 1120 eam
689 1049 841 1120 adhibere
860 1057 951 1139 velle,
969 1049 1085 1139 nempe

60 1174 177 1218 avaros
197 1175 266 1219 essa
285 1154 320 1217 in
333 1153 481 1237 expensis
505 1153 626 1229 insanis
645 1156 677 1217 et
692 1152 858 1217 dissolutis
878 1157 910 1223 et
928 1153 1083 1239 prodigos

60 1252 98 1316 in
120 1252 215 1321 rebus
233 1252 421 1317 necessariis
440 1254 472 1316 et
490 1251 594 1334 iustis,
617 1255 650 1316 et
669 1250 797 1315 studere
815 1250 911 1315 rebus
929 1251 1084 1334 honestis,

61 1350 214 1415 omittere
236 1371 319 1414 vana
337 1353 369 1413 et
386 1350 515 1433 turpia?
553 1348 597 1412 Et
621 1349 650 1412 si
672 1350 719 1413 ita
741 1353 839 1435 agent
861 1348 910 1413 illi
934 1350 1084 1432 quisunt

61 1449 193 1533 specula
207 1449 361 1531 omnium,
380 1446 571 1532 praebentes
585 1445 718 1530 reliquis
734 1446 884 1511 omnibus
899 1449 1083 1531 exemplum

61 1545 151 1631 quod
181 1549 385 1629 sequantur,¹
404 1545 468 1610 sibi
498 1546 635 1628 quisque
664 1545 857 1629 temperabit
887 1549 943 1610 aut
975 1567 1084 1610 amore

60 1648 120 1709 aut
143 1648 232 1708 metu
255 1647 445 1708 commotus.
491 1642 537 1706 Et
565 1644 592 1707 si
621 1646 693 1728 quis
721 1643 847 1729 legibus
876 1642 991 1727 spretis
1021 1643 1088 1708 sibi

60 1763 131 1807 non
162 1741 367 1826 temperabit,
400 1742 430 1804 ei
461 1740 567 1805 bonus
599 1741 750 1826 princeps
782 1738 883 1805 libere
916 1740 1083 1805 ostendere

62 1839 160 1904 debet
195 1839 322 1903 nullum
353 1838 547 1904 maleficium
585 1839 648 1903 sibi
684 1840 819 1922 plaeere.
871 1836 922 1902 Ita
955 1861 988 1903 se
1020 1839 1084 1923 ipsi

60 1937 246 2021 servabunt,
270 1941 303 2002 et
325 1937 530 2022 augebuntur
553 1938 683 2001 aeraria
697 1941 730 2002 et
748 1936 920 2022 vectigalia
942 1936 1083 2020 itemque

59 2035 222 2121 pecuniae·
240 2057 351 2125 eorum
380 2056 460 2118 quos
487 2039 617 2119 regunt,
636 2057 713 2121 ¹quo
741 2035 810 2116 fiet,
837 2038 875 2097 ut
904 2033 1081 2099 dominatio

59 2134 184 2198 floreat
221 2132 266 2197 At
288 2131 345 2196 alit
331 2136 381 2197 ter
403 2132 431 2196 si
453 2137 559 2218 agent,
582 2133 685 2197 sciant
671 2137 743 2197 etx
761 2133 875 2198 volunt
876 2131 1082 2197 ateadversa

62 2231 211 2296 omnium
248 2231 401 2303 exsistere
437 2230 630 2314 periculum,
667 2231 755 2314 quod
790 2230 879 2294 refici
915 2251 989 2294 non
1018 2231 1082 2295 iam

60 2333 122 2441 pot
123 2332 185 2393 est.
157 2328 271 2392 tEt
293 2329 347 2392 hic
368 2329 467 2393 finem
490 2329 607 2394 faciam
631 2333 703 2413 sept
704 2329 762 2392 imi
789 2328 852 2392 mei
875 2329 968 2414 grani
992 2329 1083 2392 semi-

62 2427 171 2511 nis‚u
147 2430 364 2543 uttranseam
385 2425 504 2491 adt
452 2431 504 2492 oct
506 2448 611 2510 avum,
634 2427 720 2510 quod
744 2431 793 2491 est
779 2426 976 2491 utltimum
1019 2454 1020 2457 ¹

156 2619 261 2707 Caput
279 2626 427 2687 octavum
451 2622 597 2706 loquitur
620 2622 658 2687 de
680 2627 793 2687 octavo
818 2621 948 2686 seminis
972 2643 1082 2708 grane,

62 2714 152 2807 quod
183 2724 232 2786 est
259 2720 297 2784 de
327 2720 407 2784 iuris
435 2720 631 2787 dictionibus
661 2724 693 2784 et
724 2719 929 2785 libertatibus
960 2719 1082 2785 domini

62 2839 143 2905 erga
166 2818 251 2883 cives
275 2822 307 2882 et
330 2818 449 2883 civium
473 2840 549 2904 erga
572 2818 739 2883 dominum
763 2808 995 2883 communibus.

154 2915 290 2981 'lullus
309 2917 466 3001 incapite
485 2916 653 2981 undecimo
672 2916 748 2980 libri
767 2917 817 2980 sui
832 2937 928 2999 quem
943 2914 1082 2980 diximus

61 3013 144 3079 dicit
168 3034 278 3078 omnes
300 3015 464 3099 principes
483 3018 515 3079 et
534 3015 681 3079 dominos
700 3035 794 3098 posse
813 3019 845 3078 et
858 3013 979 3077 debere
997 3013 1082 3077 cives

61 3133 142 3178 suos
165 3111 306 3198 adigere,
328 3117 366 3176 ιιι
387 3113 423 3177 hi
445 3112 524 3196 ipsis
549 3134 588 3176 ex
611 3113 757 3196 impenso
781 3133 839 3176 suo
863 3116 896 3175 et
918 3111 1023 3174 reditu
1047 3132 1083 3174 ee

60 3208 220 3295 pendant,
248 3231 329 3298 quae
351 3210 420 3275 iure
443 3211 523 3275 iussi
551 3211 625 3276 sint.
672 3209 764 3275 Cives
791 3231 867 3273 vero
895 3214 1018 3291 monet,
1045 3213 1083 3272 ut

59 3307 189 3401 tributa
211 3308 362 3392 pendant.
408 3307 501 3385 Quod
525 3309 553 3371 si
575 3308 719 3391 fecerint,
742 3309 891 3392 princeps
915 3306 1010 3371 debet
1028 3327 1083 3372 eos

114 3616 196 3666 sappi
207 3617 306 3659 olearon.
322 3618 356 3660 od,
366 3620 580 3675 Knoellinger.
936 3606 958 3652 ‘l
