2422 3856
274 155 298 206 5.
318 150 368 205 DE
388 149 567 207 CICERONE
585 150 739 206 ANTONII
757 148 928 206 AUCTORE
1072 149 1114 213 69

95 303 303 361 consuevimus
322 302 358 361 de
377 303 522 379 capienda
541 322 576 361 ex
593 304 723 361 inimicis
746 303 880 361 utilitate
900 301 959 360 VH
981 321 1009 377 p.
1027 300 1113 359 scB:

91 380 125 449 ‘0
142 382 243 469 Ἱέρων
266 393 367 467 inquit
389 389 448 451 ὑπό
472 413 552 463 τινος
579 399 637 450 τῶν
665 389 781 470 ἐχθρῶν
808 389 860 462 εἰςΔ
879 387 934 467 τὴν
962 389 1114 449 δυσωδίαν

94 475 277 559 ἐλοιδορήθη
299 488 352 540 τοῦ
375 478 529 558 στόματος·
558 477 657 540 ἐλθὼν
680 471 736 539 οὖν
759 479 859 540 οἴκαδε
882 476 957 559 πρὸς
983 477 1038 556 τὴν
1060 500 1114 558 yu-

94 571 192 642 ναῖκα,
217 569 255 627 Τί
275 567 380 649 λέγεις,
403 561 500 648 εἶπεν,
523 566 593 629 οὐδὲ
616 568 654 628 σύ
678 590 728 646 μοι
750 576 836 629 τοῦτο
859 565 1005 648 ἔφρασας
1028 562 1047 644 ἡ
1072 563 1114 644 δὲ,

96 647 172 716 οὖσα
196 657 324 737 σώφρων
343 656 392 717 καὶ
410 655 535 736 ἄκακος,
550 656 676 737 Ὤιμην,
694 650 785 735 εἶπεν,
808 655 854 716 ὅτι
870 665 987 717 τοιοῦτο
1006 655 1114 727 πάντες

96 741 216 816 ὄζουσιν
235 746 267 805 οἱ
287 743 399 827 ἄνδρες.
433 746 511 817 Quid
531 752 576 807 est
594 767 646 807 cur
664 748 830 806 Antonium
852 746 926 806 haec
949 765 983 806 ex
1002 745 1115 805 Seneca

96 835 257 911 sumpsisse
289 839 441 913 putemus,
468 839 645 913 praesertim
672 855 740 895 cum
766 836 893 895 Antonii
919 835 1023 894 fabula
1055 853 1114 893 non

97 925 164 982 tcta
188 943 256 984 cum
280 925 407 985 Senecae
430 926 529 986 verbis
557 944 634 1002 quae
661 945 753 1002 supra
780 924 921 1001 exscripsi
949 922 1115 1002 congruat?

95 1011 194 1073 Immo
217 1032 288 1073 vero
312 1034 379 1073 cum
395 1014 592 1074 Plutarchum
614 1015 712 1074 multa
732 1013 839 1074 Stoicis
859 1013 964 1073 debere
987 1016 1115 1087 sciamus

97 1104 129 1160 et
147 1100 290 1162 Senecam
309 1123 411 1163 eorum
430 1104 596 1163 doctrinam
614 1106 699 1180 sequi
717 1106 841 1176 constet,
864 1103 954 1162 istam
972 1102 1115 1161 fabellam

95 1189 127 1248 in
151 1210 275 1251 numero
299 1211 409 1268 earum,
433 1212 507 1270 quas
528 1193 621 1256 Stoici
644 1212 698 1270 pro
722 1193 864 1268 exemplis
884 1194 914 1251 et
932 1191 1113 1251 testimoniis

96 1297 214 1356 semper
230 1284 263 1341 iu
282 1301 332 1341 cre
350 1281 509 1356 habebant,
532 1282 623 1342 fuisse
642 1286 758 1361 putem3
782 1302 817 1341 ex
841 1280 1008 1341 Stoicorum
1028 1280 1113 1339 libris

97 1371 161 1428 sive
188 1390 243 1446 per
269 1371 444 1448 scriptorem
473 1371 622 1447 quendam
648 1371 858 1431 intermedium
890 1370 952 1430 sive
985 1389 1020 1429 ex
1050 1372 1114 1429 eius

96 1457 191 1533 ipsius
207 1458 298 1520 Stoici
315 1461 368 1536 qui
383 1463 499 1537 primus
515 1461 649 1520 fabulam
666 1461 771 1520 attulit
791 1460 868 1519 libro
889 1459 928 1519 ad
943 1458 1115 1518 Ciceronem

97 1567 216 1624 quoque
240 1551 415 1626 pervenerit.

188 1636 245 1696 Sed
276 1641 311 1697 ut
342 1657 396 1715 pro
430 1658 461 1698 se
492 1640 617 1715 quisque
646 1638 778 1698 indicere
807 1639 917 1714 possit,
948 1637 1115 1696 Antonium

96 1745 169 1783 num
198 1728 294 1787 multa
318 1746 352 1785 ex
376 1727 488 1787 Seneca
514 1728 649 1788 hausisse
677 1727 885 1786 arbitrandum
912 1726 965 1802 sit,
997 1727 1116 1801 reliqua

97 1813 186 1889 addc,
223 1836 300 1893 quae
336 1816 448 1876 similia
485 1819 640 1877 sententiis
678 1817 716 1876 ab
748 1817 880 1875 Antonio
917 1816 1043 1892 prolatis
1081 1834 1116 1873 ex

97 1901 210 1963 Seneca
232 1907 348 1985 collegi.
394 1906 585 1983 Principes
609 1925 627 1964 a
651 1905 763 1965 Seneca
786 1906 963 1981 compluries
989 1903 1115 1963 laudan·

95 1995 148 2051 tur
170 1997 201 2052 et
223 1995 395 2070 saepissime
419 1995 558 2054 inlibris
583 1995 619 2053 de
643 1996 800 2054 clementia
823 1994 1010 2070 conscriptis,
1042 2013 1070 2052 v.
1091 2011 1114 2050 c.

96 2080 197 2156 13,3
224 2085 351 2144 Nullum
378 2089 475 2144 tamea
502 2087 653 2145 clementia
680 2103 714 2144 ac
736 2086 870 2144 οννννὺαο
900 2086 996 2157 mepte
1027 2100 1116 2156 qaam

96 2188 192 2244 repam
224 2178 277 2232 cat
301 2172 468 2248 prcaapem
499 2175 584 2233 decet.
633 2173 747 2233 Ibidem
779 2172 915 2249 pluribus
948 2171 1045 2231 verbis
1079 2171 1115 2230 de

97 2260 256 2320 clementia
278 2264 422 2338 principis
445 2264 573 2322 maxime
591 2263 623 2321 in
641 2262 791 2339 puniendo
810 2260 978 2321 adhibenda
996 2261 1116 2319 disserit

96 2347 157 2424 15,
173 2352 275 2426 2sqq.,
297 2355 347 2425 17,
362 2356 446 2428 2sq.;
476 2352 551 2411 adde
578 2353 780 2428 fragmentum
808 2351 887 2427 apud
907 2350 1116 2410 Hildebertum

101 2435 352 2501 cenomanensem
381 2445 532 2502 servatum
559 2442 592 2500 in
619 2441 707 2500 Hcsii
739 2440 869 2500 editione
896 2439 913 2498 I
937 2442 955 2498 2
983 2459 1012 2514 p.
1037 2440 1116 2512 2603

97 2547 125 2586 v.
150 2529 243 2587 etiem
266 2529 302 2589 de
324 2531 371 2590 ira
392 2531 409 2590 I
428 2532 456 2606 6,
477 2532 505 2589 3.
551 2529 610 2588 Sed
632 2548 783 2607 perpauca
804 2528 1011 2603 inveniuntur,
1040 2546 1116 2602 quae

99 2619 267 2692 comparari
290 2622 415 2695 possint,
439 2639 535 2696 neque
559 2618 597 2676 ad
611 2619 737 2678 Antonii
756 2619 785 2692 8,
802 2621 842 2678 13
858 2610 925 2699 (17,
942 2621 981 2676 12
994 2608 1029 2697 S)
1051 2635 1115 2676 sen·

98 2707 227 2765 tentiam
246 2707 281 2766 de
305 2710 463 2768 clementia
486 2709 622 2768 iustitiae
641 2709 829 2787 adiungenda
852 2709 1004 2766 auctorem
1028 2705 1115 2764 Seue-

98 2811 163 2853 cam
188 2799 296 2856 arcessi
319 2817 436 2859 necesse
460 2801 512 2858 est.
558 2798 716 2857 Praeterea
738 2799 900 2856 virtutes
925 2790 1115 2871 quattuor1

96 2883 261 2944 laudantur
291 2888 375 2946 velut
407 2907 451 2963 ep.
481 2887 519 2946 ad
550 2887 644 2947 Lucil.
670 2888 724 2958 95,
745 2889 796 2946 55.
850 2886 892 2944 Et
918 2885 1000 2944 Tulli
1024 2885 1057 2958 6,
1073 2887 1114 2942 24

99 2969 170 3047 (16,
191 2975 231 3033 35
248 2966 284 3056 S)
321 2979 486 3036 sententiae
524 2976 559 3035 de
596 2976 710 3035 duobus
752 2974 909 3053 generibus
945 2972 1116 3032 iustitiae

97 3063 173 3121 satis
211 3064 317 3124 similis
355 3070 400 3125 est
436 3068 558 3125 virtutis
595 3066 702 3125 divisio
741 3084 818 3141 quae
854 3064 968 3141 legitur
1000 3082 1044 3138 ep.
1078 3062 1116 3121 ad

97 3149 169 3210 Luc.
187 3153 237 3227 94,
253 3155 312 3220 45.
350 3155 435 3214 Adde
458 3157 593 3214 iustitiae
611 3155 731 3213 laudem
749 3153 809 3212 ibd.
829 3154 902 3226 113,
922 3153 972 3210 31.
1014 3151 1116 3208 Etiam

98 3239 134 3298 de
162 3259 261 3316 pace,
290 3243 326 3302 de
356 3263 415 3320 qna
442 3244 568 3303 Antonii
596 3245 762 3303 sententiae
784 3243 926 3321 leguntur
950 3243 1115 3314 10,1sqq.

98 3322 166 3409 (17,
183 3331 225 3389 30
241 3324 275 3413 S)
300 3334 364 3411 egit
383 3333 493 3392 Seneca
516 3353 561 3408 ep.
579 3334 629 3407 66,
646 3335 696 3392 40.
744 3330 814 3402 Qui:
837 3331 907 3390 Νον
931 3333 971 3388 'est
994 3329 1115 3388 dubium

95 3449 313 3462 ..——

190 3520 216 3588 1)
235 3518 267 3574 V.
284 3538 368 3591 supra
387 3540 414 3591 p.
430 3527 473 3576 55.
