2422 3856
533 577 792 652 CONCLUSIO

243 759 331 819 Nunc
357 763 518 836 postquam
548 779 584 820 ea
612 779 688 836 quae
715 761 784 820 huic
811 761 888 820 libro
915 760 1038 820 infuisse
1066 781 1172 823 censeo

154 847 275 926 collegi,
303 848 338 906 de
361 850 546 927 singularum
573 851 789 909 sententiarum
816 868 929 909 conexu
956 853 987 908 et
1013 850 1049 909 de
1076 854 1173 912 totius

154 935 224 995 libri
247 938 460 1015 compositione
483 957 580 1015 pauca
603 941 654 1013 eis,
683 957 759 1014 quae
785 939 848 998 iam
875 959 904 1015 p.
930 941 968 998 71
985 957 1050 1015 sqq.
1079 941 1173 1009 etad

154 1025 273 1103 singula
290 1027 460 1105 fragmenta
479 1030 609 1105 exposui,
632 1027 748 1086 addam.
793 1027 926 1087 Primam
943 1031 1061 1106 partem
1079 1029 1172 1090 fuisse

154 1113 190 1172 de
213 1116 331 1176 iustitia
353 1116 514 1176 verisimile
538 1119 584 1176 est
606 1108 713 1199 (snpra
731 1137 759 1194 p.
780 1119 820 1176 72
836 1109 904 1198 sq.).
949 1117 990 1175 Et
1011 1136 1048 1176 ea
1075 1117 1173 1179 virtus

154 1202 295 1264 definitur
326 1197 381 1286 (fr.
408 1198 459 1288 2),
496 1209 561 1264 tum
593 1225 660 1265 eam
691 1207 837 1283 imprimis
870 1206 909 1265 ad
944 1206 1106 1283 principes,
1139 1208 1172 1267 id

154 1297 199 1352 est
222 1294 261 1353 ad
284 1313 414 1354 summos
436 1295 480 1354 rei
502 1294 640 1372 publicae
662 1296 814 1354 Romanae
841 1296 922 1355 viros
944 1297 1094 1372 pertinere
1123 1316 1171 1356 ex-

153 1383 277 1458 ponitur
309 1378 363 1464 (fr.
384 1375 432 1465 3).
487 1384 533 1442 Ex
564 1403 624 1461 qua
656 1383 761 1444 deinde
791 1384 928 1462 singulae
956 1385 1087 1446 actiones
1120 1386 1171 1445 de·

154 1471 305 1531 ducendae
330 1474 399 1532 sunt
422 1464 471 1554 (fr.
492 1475 522 1547 4,
541 1465 585 1555 5).
630 1473 695 1532 Iam
723 1474 880 1533 clementia
906 1473 1090 1550 postulatur,
1119 1475 1172 1534 sed

154 1565 315 1638 antequam
338 1563 373 1621 de
397 1581 432 1621 ea
455 1562 550 1622 fusius
574 1563 683 1640 agitem,
706 1563 764 1621 duo
783 1581 892 1642 genera
910 1565 1045 1623 iustitiae
1064 1563 1171 1624 distin·

154 1651 273 1728 gnenda
291 1669 353 1710 esse
373 1653 532 1728 exponitur
549 1643 599 1732 (fr.
616 1643 659 1731 7),
680 1654 710 1710 et
728 1651 765 1712 de
782 1652 901 1711 iustitia
920 1652 1027 1731 agendi
1040 1654 1172 1712 maxime

152 1740 185 1797 in
208 1740 264 1799 hac
286 1739 358 1798 iibn'
380 1743 466 1816 parte
490 1740 649 1800 dissertum
676 1758 738 1800 esse
765 1739 892 1799 videtur
938 1740 1053 1801 Deinde
1078 1743 1172 1803 etiam

153 1828 311 1888 clementia
325 1830 460 1888 iustitiae
474 1828 614 1888 adiuncta
623 1829 743 1889 uberius
758 1832 906 1889 tractatm
921 1823 971 1912 (fr.
982 1822 1016 1912 8)
1032 1833 1062 1889 et
1075 1833 1172 1891 nimia

152 1918 305 1978 miseratio
324 1918 558 1994 reprehenditur.
594 1919 624 1978 Is
643 1923 745 1979 autem
763 1919 910 1996 princeps,
929 1921 982 1996 qui
1000 1919 1097 1979 iustus
1116 1923 1172 1995 est,

153 2007 245 2066 etiarn
258 2006 371 2067 bellum
385 2028 445 2067 non
458 2007 516 2066 nisi
529 2009 643 2067 iustum
656 2007 799 2083 suscipiet
812 2011 903 2084 atque
916 2027 1020 2084 paoem
1037 2009 1172 2070 servabit

153 2087 204 2176 (f.
225 2088 268 2175 9).
313 2096 396 2156 Idem
424 2115 526 2156 omnes
554 2097 669 2172 audiet,
697 2099 750 2172 qui
779 2097 928 2173 supplices
959 2116 1028 2157 eum
1058 2098 1171 2159 adeunt

152 2178 202 2264 (fr.
216 2177 281 2264 lo),
302 2185 380 2261 quod
395 2185 557 2245 affabilitas
570 2188 603 2244 in
619 2186 722 2245 eadem
739 2187 857 2246 iustitia
871 2188 1048 2247 continetur.
1080 2187 1170 2248 Pree

152 2278 236 2335 terea
248 2277 387 2351 princeps
400 2276 497 2334 iustus
513 2294 628 2351 semper
642 2275 751 2335 civium
764 2275 842 2335 bono
857 2275 997 2350 studebit,
1015 2294 1108 2352 quare
1122 2296 1170 2337 res

153 2363 272 2423 venales
285 2365 352 2423 tuto
366 2363 571 2441 importandas
586 2367 677 2440 atque
692 2363 889 2441 exportandus
909 2364 1025 2425 curabit
1039 2357 1090 2446 (fr.
1103 2359 1169 2448 11),

151 2451 298 2511 tributum
329 2471 389 2512 non
416 2453 475 2512 nisi
502 2453 678 2512 necessitate
705 2456 825 2513 coactus
856 2454 991 2530 imponet
1022 2453 1073 2534 (fr.
1100 2448 1170 2537 12),

152 2541 272 2601 omnino
300 2541 378 2601 cives
406 2561 465 2601 non
493 2542 632 2619 gravabit
659 2562 707 2618 eo,
738 2541 817 2618 quod
844 2542 933 2603 nimis
959 2543 1104 2620 pecuniae
1132 2545 1170 2604 ab

151 2629 189 2690 iis
218 2632 297 2708 petit
327 2622 376 2712 (fr.
402 2622 468 2711 13).
517 2631 595 2690 Item
623 2651 658 2690 ex
685 2632 804 2692 iustitia
833 2630 939 2691 deduci
968 2635 1069 2709 potest
1099 2652 1170 2694 cura

151 2739 252 2779 rerum
287 2719 327 2778 ad
362 2720 523 2779 vivendum
554 2722 800 2795 necessariarum,
838 2720 945 2797 quibus
976 2722 1169 2798 providendis

151 2809 248 2869 iustus
270 2808 408 2885 princeps
432 2827 548 2886 sempor
570 2828 692 2885 operam
714 2809 839 2869 navabit
862 2802 911 2892 (fr.
934 2803 999 2892 14),
1023 2829 1091 2870 cum
1113 2813 1170 2872 hoo

150 2899 307 2958 universae
340 2898 457 2958 civitati
480 2900 609 2958 maximo
642 2899 841 2958 emolumento
869 2900 917 2959 sit
976 2899 1060 2960 Idem
1090 2918 1169 2960 com·

151 3006 241 3047 mune
268 2988 456 3048 commodum
489 2991 626 3064 spectans
655 2990 793 3065 princeps
822 2989 968 3066 impedire
998 2988 1099 3065 debet,
1132 3008 1169 3049 ne

153 3077 220 3151 quis
258 3077 300 3135 eis
336 3076 424 3137 rebus
456 3079 605 3153 potiatur,
642 3095 718 3153 quae
750 3076 874 3138 alterius
910 3081 981 3138 sunt
1013 3070 1169 3160 (fr.15).²

151 3163 237 3234 Quod
260 3167 286 3225 si
309 3165 420 3226 facient
441 3165 464 3225 ii
487 3168 539 3242 qui
561 3184 607 3226 res
630 3165 766 3243 publicas
788 3165 1014 3241 administrant,
1040 3166 1170 3228 libenter

237 3337 263 3404 l)
277 3335 443 3405 δικαιοσύνη
457 3334 591 3406 ἐπιστήμη
605 3336 841 3406 ἄπονεμητικὴ
855 3345 913 3406 τῆς
927 3335 1027 3403 ἀξίας
1040 3336 1169 3411 ἑκάστῳ

135 3403 222 3457 Staio.
239 3405 314 3476 frag.
330 3406 374 3461 ΙΠ
387 3413 441 3462 262
451 3408 518 3462 Am.
