2422 3856
91 157 134 224 86
397 157 495 211 LIBRI
512 156 561 210 ou
580 155 797 226 uarurfflus

90 318 155 384 cum
173 317 205 355 eo
225 300 301 369 quod
319 300 463 370 praeeedit
482 299 735 382 artinacohaeretp
748 302 863 367 tranen,v
875 298 1108 369 quandoquidem

89 370 896 513 intitulutissllnttllttpilltri‘rttltvlmlm
918 371 1047 440 ¹³⁰⁸⁸⁰¹¹l
1072 386 1107 423 ⁰⁸

578 702 617 758 14

316 844 361 901 M.
387 842 519 919 Principi
538 844 620 902 omni
638 861 709 902 cura
728 845 758 901 et
771 841 929 920 diligentia
946 841 1108 919 providen-

249 932 320 991 dum
339 935 393 1007 est,
414 935 450 990 ut
464 931 596 990 omnium
612 950 714 991 earum
727 951 835 1007 rerum,
855 950 931 1006 quae
946 930 984 989 ad
1003 931 1106 990 viven-

249 1022 319 1080 dum
342 1021 524 1081 necessariae
548 1025 624 1096 sunt,
648 1020 734 1097 copia
758 1020 873 1079 civitati
897 1023 1047 1096 suppetat.

306 1109 344 1168 A.
381 1110 423 1168 At
446 1110 499 1184 qui
522 1108 586 1168 fieri
609 1111 721 1185 potest,
749 1112 784 1168 nt
807 1109 846 1185 is,
874 1109 926 1184 qui
948 1109 1107 1188 gubernat,

249 1200 463 1258 abundantiam
480 1200 585 1256 harum
604 1218 704 1257 rerum
722 1198 873 1274 praebeat,
896 1217 961 1258 oum
981 1197 1107 1257 deorum

248 1289 288 1348 sit
306 1289 361 1348 hoo
378 1289 541 1364 impertire,
563 1290 667 1363 utpote
686 1289 739 1363 qui
755 1287 945 1347 moderentur
962 1289 1107 1362 tempori·

247 1377 302 1437 bus
327 1378 405 1453 anni,
427 1376 506 1435 unde
529 1377 629 1454 fruges
646 1379 745 1435 terrae
764 1379 793 1435 et
817 1394 1020 1453 quaecumque
1044 1376 1107 1436 alia

247 1469 412 1526 necessaria
435 1470 505 1526 sunt
527 1467 613 1525 nobis
636 1464 818 1525 obveniunt?

305 1557 350 1614 M.
387 1556 482 1614 Nemo
506 1555 625 1631 estqui
648 1555 762 1614 nesciat
783 1554 933 1631 principes
957 1573 1017 1614 non
1042 1573 1106 1615 esse

247 1645 325 1704 deos.
364 1643 422 1703 Sed
444 1647 593 1720 principes
612 1644 656 1703 ita
674 1662 776 1722 regere
800 1643 893 1720 decet,
916 1643 1008 1703 otiis
1031 1645 1107 1702 insit

81 1759 83 1764 ·
179 1781 180 1784 ,
247 1752 363 1792 summa
381 1734 542 1808 prudentia
560 1737 589 1792 et
608 1734 703 1793 omnis
722 1732 881 1810 diligentia
903 1732 1106 1809 prospiciendi
1124 1744 1126 1749 '

247 1840 389 1882 annonae.
436 1822 533 1891 Quare
561 1821 716 1881 consilium
744 1841 844 1880 meum
871 1825 930 1896 est,
960 1826 995 1880 ut
1023 1825 1107 1881 omni

246 1913 379 1987 tempore
401 1911 583 1970 frumentum
606 1914 635 1970 et
657 1912 790 1986 reliquae
812 1930 859 1970 res
882 1911 921 1968 ad
943 1911 1106 1970 vivendum

246 2002 428 2060 necessariae
460 2001 650 2060 conferantur
681 2003 712 2059 et
741 1999 970 2078 diligentissime
1002 2019 1105 2060 recon-

246 2088 356 2148 dantur
378 2092 469 2165 atque
492 2091 710 2149 conserventur.
756 2089 859 2164 Neque
886 2089 965 2147 enim
991 2109 1028 2149 ex
1054 2089 1104 2149 ab·

244 2178 391 2238 undantia
409 2178 453 2237 rei
476 2179 689 2237 frumentariae
712 2179 775 2236 nlla
799 2178 895 2237 adhuc
917 2178 1105 2254 respublica

244 2269 361 2326 minuta
385 2267 491 2325 autin
514 2267 678 2343 periculum
701 2267 831 2326 adduota
850 2269 903 2341 est,
926 2266 977 2326 sed
1000 2268 1106 2344 inopia

168 2403 170 2408 ,
244 2359 289 2415 rei
319 2356 531 2416 burrentariac
564 2359 595 2415 et
623 2374 758 2414 annonae
786 2355 962 2415 difficultate
989 2357 1104 2415 multae

180 2443 182 2446 ’
245 2445 382 2505 civitates
396 2445 427 2502 in
441 2464 551 2522 magno
569 2444 701 2520 periculo
716 2448 810 2519 erant,
829 2445 989 2504 nonnullae
1008 2446 1104 2520 perie-

244 2538 321 2593 runt.
356 2533 413 2593 Sed
424 2536 547 2594 exsistat
560 2534 697 2609 princeps
712 2535 765 2610 qui
778 2533 874 2593 dicat:
889 2551 990 2593 omnes
1005 2536 1104 2593 sciunt

244 2642 291 2682 me
318 2642 378 2682 non
406 2642 469 2683 esse
497 2623 597 2697 deum,
626 2622 678 2698 qui
705 2622 862 2682 constituit
888 2624 1025 2700 tempora
1049 2642 1103 2683 sua

243 2711 413 2786 voluntate3
436 2716 467 2770 et
485 2711 604 2771 etiamsi
625 2711 741 2786 aliquid
764 2711 836 2770 mali
854 2711 1006 2786 acciderit,
1030 2713 1103 2788 quid

243 2800 318 2859 mihi
345 2800 500 2878 obtinget?
547 2801 612 2880 Ego
641 2800 761 2876 quidem
788 2802 867 2859 fame
894 2819 953 2859 non
981 2802 1103 2876 moriar,

242 2890 300 2949 hoo
321 2908 376 2964 pro
395 2893 475 2950 certo
494 2890 597 2949 habea.
632 2889 713 2949 Huic
731 2907 785 2968 ego
803 2889 981 2967 respondeo:
1004 2910 1102 2967 neque

244 2997 299 3056 ego
328 2979 494 3055 prinoipem
523 2979 605 3038 fama
634 2978 685 3037 siti
716 2978 828 3057 frigore
862 2981 947 3037 aestu
978 2980 1102 3040 interire

243 3085 360 3127 necesse
384 3085 447 3127 esse
469 3067 548 3141 dico,
577 3067 629 3126 sed
651 3069 680 3126 ei
702 3068 778 3126 talia
801 3070 855 3127 aut
883 3069 976 3141 etiam
997 3069 1102 3144 peiora

243 3157 360 3216 evenire
382 3173 468 3233 posse
488 3154 642 3232 contendo,
665 3175 733 3215 oum
752 3161 831 3216 certe
849 3157 926 3217 nihil
949 3158 998 3234 sit,
1022 3157 1103 3234 qnod

242 3249 397 3321 tantopere
419 3245 585 3304 timendum
608 3245 648 3305 sit
670 3245 798 3322 principi
818 3265 909 3321 quam
931 3247 1026 3306 fames
1048 3267 1102 3325 po-

242 3333 315 3412 puli.
361 3333 439 3393 Nam
462 3337 494 3392 in
517 3333 630 3411 populo
658 3335 737 3394 fame
765 3338 867 3395 eneoto
898 3335 974 3394 nihil
997 3331 1101 3395 v'alent

243 3423 400 3484 consilium
419 3443 503 3484 amor
521 3425 618 3500 pietas
637 3423 771 3500 probitas
789 3442 891 3500 preces
909 3423 982 3485 fides
1000 3428 1100 3500 minae

236 3531 336 3589 neque
352 3513 437 3573 aliud
451 3514 612 3591 quicquam
626 3513 726 3573 officii.
764 3511 855 3574 euius
868 3513 912 3573 rei
926 3513 1100 3575 testimonio
