2422 3856
427 866 750 939 PRAEFATIO-

106 1087 107 1092 ,
172 1028 245 1088 (lum
269 1032 447 1106 scriptorum
466 1027 643 1088 Graecorum
663 1030 808 1104 reliquiae
832 1029 900 1088 inde
922 1029 960 1088 ab
981 1031 1098 1105 aliquot
1128 1065 1131 1071 ,

84 1121 168 1178 annis
182 1123 325 1195 perpetuo
339 1119 465 1195 integris
480 1137 568 1194 saepe
587 1118 671 1178 libris
691 1118 815 1195 repertis
831 1123 1004 1196 augeantur,
1019 1137 1097 1178 nova

81 1213 274 1267 monumenta
287 1208 457 1267 l'tterarum
468 1207 669 1267 Romanarum
683 1208 715 1266 in
728 1208 826 1266 lucem
839 1207 980 1267 emissum
994 1210 1033 1267 iri
1047 1210 1097 1266 vix

81 1298 143 1356 iam
165 1296 365 1373 sperabamus,
412 1296 476 1366 Quo
504 1297 600 1374 magis
624 1296 752 1373 gaudere
780 1296 865 1356 nobis
888 1297 989 1371 liceat,
1018 1297 1098 1373 quod

82 1387 235 1462 complura
261 1404 442 1462 quamquam
464 1389 580 1445 mutata
604 1389 694 1461 atque
717 1385 799 1444 haud
821 1385 866 1445 ita
889 1405 999 1464 magna
1017 1387 1096 1464 trag-

81 1479 183 1535 menta
207 1477 303 1550 operis
331 1474 518 1534 ciceroniani
540 1494 600 1533 non
627 1476 688 1532 iam
711 1477 776 1533 noti
802 1478 921 1551 praeter
948 1479 1097 1552 exspecta-

82 1567 194 1623 tionem
217 1565 301 1623 nobis
325 1563 506 1640 obtigerunt.
544 1562 625 1632 Quae
650 1565 791 1639 quoniam
816 1564 980 1640 bibliopola
1008 1565 1097 1623 hone·

83 1653 228 1712 stissimus
260 1655 339 1712 hunc
370 1652 505 1711 libellum
539 1654 617 1711 inter
649 1652 846 1712 bibliothecae
875 1653 1097 1712 Teubnerianae

82 1743 234 1802 volumina
260 1741 385 1818 recepit,
416 1741 600 1801 Ciceronis
628 1742 668 1800 de
696 1741 898 1802 virtutibus
925 1742 995 1801 libri
1018 1743 1098 1820 frag·

82 1835 182 1890 menta
206 1831 358 1890 collecturi
381 1849 483 1890 sumus
506 1833 559 1904 ita,
582 1834 624 1904 ut,
648 1831 703 1889 etsi
723 1830 872 1890 Ciceronis
892 1831 981 1890 verba
999 1831 1097 1909 legere

82 1939 142 1979 non
164 1920 320 1995 possimus,
343 1937 389 1978 res
412 1922 514 1979 tamen
536 1919 706 1978 habeamus.

173 2007 231 2066 Sed
253 2008 427 2083 priusquam
446 2009 484 2067 ad
507 2026 637 2084 eaquae
657 2008 742 2068 nobis
765 2008 922 2068 tractanda
943 2008 1098 2084 proposui·

83 2114 149 2154 mus
172 2095 354 2171 accedamus,
377 2100 490 2174 gratias
513 2116 566 2156 nos
588 2117 676 2174 agere
695 2101 813 2174 oportet
836 2100 874 2158 iis
897 2099 970 2157 viris
993 2097 1098 2172 doctis,

84 2185 136 2261 qui
158 2184 194 2244 de
216 2185 273 2245 hoc
296 2186 437 2262 opusculo
457 2189 568 2262 optime
587 2186 687 2244 meriti
710 2189 789 2247 sunt.
835 2188 934 2262 Atque
954 2186 1097 2246 maximas

83 2275 219 2350 persolvo
256 2275 369 2354 gratias
402 2275 544 2334 1119111119
574 2275 735 2335 Wunuson
768 2277 819 2351 qui
851 2294 911 2349 me,
947 2279 982 2333 ut
1019 2276 1098 2335 hunc

83 2362 216 2422 laborem
249 2365 441 2440 susciperem,
478 2367 594 2441 monuit
626 2384 799 2441 semperque
831 2354 864 2423 in
894 2364 997 2423 libello
1031 2383 1098 2423 con-

83 2453 237 2512 scribendo
263 2471 322 2529 qua
345 2455 390 2512 est
407 2453 589 2513 liberalitate
613 2457 643 2512 et
662 2454 798 2523 doctrina
820 2453 906 2513 iuvit.
953 2451 1097 2512 Omnibus

83 2545 183 2601 autem
214 2544 246 2600 in
278 2541 378 2617 rebus,
414 2562 490 2618 quae
523 2543 561 2601 ad
592 2543 727 2620 linguam
759 2546 789 2601 et
821 2543 937 2602 litteras
970 2543 1096 2601 11191199-

83 2632 207 2709 gallicas
231 2633 376 2707 spectant,
404 2631 531 2690 maxime
554 2633 587 2690 in
608 2630 757 2690 reddendo
780 2633 873 2691 latine
897 2632 949 2690 illo
972 2631 1099 2690 Antonii

83 2721 135 2795 qui
162 2722 333 2779 nominatur
365 2719 401 2779 de
430 2721 461 2780 la
491 2720 559 2779 Sale
587 2723 727 2780 contextu
755 2721 927 2781 Dronarcus
951 2721 1097 2779 Bnuunns

83 2809 250 2868 adiutorem
286 2829 385 2868 meum
422 2827 452 2868 se
492 2811 645 2885 praestitit
686 2809 940 2886 benignissimum.
1000 2809 1098 2868 Unam

83 2898 212 2973 denique
240 2917 303 2956 rem
331 2917 426 2974 neque
454 2901 540 2975 parri
567 2899 710 2957 momenti
733 2899 923 2958 Furnuarous
945 2898 1098 2958 Munnzna

83 3005 136 3062 per
157 2986 275 3046 litteras
299 2986 422 3048 comiter
448 3007 495 3046 me
519 2986 632 3068 docuit3
665 2988 744 3063 quod
772 3007 835 3060 suo·
854 2989 918 3046 loco
946 2988 1097 3063 adnotavi.

84 3073 198 3142 Quibus
222 3075 358 3135 omnibus
381 3076 454 3135 viris
477 3095 594 3152 semper
621 3096 668 3135 me
696 3076 829 3134 deditum
857 3077 920 3148 fore
947 3077 1097 3152 promitto.

172 3163 258 3223 Nunc
285 3183 381 3241 pauca
408 3165 443 3223 de
472 3169 557 3224 textu
587 3186 674 3242 quern
703 3167 783 3224 infra
811 3168 947 3224 emittam
974 3164 1098 3224 dicenda

84 3254 161 3310 sunt.
206 3252 387 3312 Antonius
411 3254 450 3312 de
474 3255 508 3313 la
528 3253 609 3336 Sale
633 3257 761 3330 scriptor
779 3254 1020 3332 Francogallicus
1044 3256 1098 3330 qui

82 3341 185 3400 floruit
203 3343 308 3417 quinto
328 3342 440 3402 decimo
460 3345 579 3403 saeculo
598 3349 627 3402 et
646 3345 758 3403 multos
777 3345 934 3420 scriptores
948 3344 1097 3403 Romanos

82 3431 176 3505 novit,
209 3432 384 3508 compluries
415 3432 446 3490 in
474 3430 561 3510 opere
589 3433 759 3509 suosquou
778 3432 972 3501 insculpam
995 3432 1048 3478 aaa
1062 3429 1125 3475 Ua
