2422 3856
451 143 506 196 LA
525 141 693 197 SALADE
1040 144 1083 206 29

64 311 129 373 que
144 288 213 352 est'.
244 287 447 372 Quapropter
460 287 565 352 bonus
579 288 728 371 prinoeps
743 287 870 353 debete
885 287 943 352 deo
958 310 1084 373 semper

63 389 175 472 petere
211 385 366 450 auxilium
402 389 433 450 et
469 385 698 450 abundantiam
734 386 878 451 omnium
914 387 1084 468 bonorum,

64 484 164 549 etiam
188 483 357 549 consilium
381 487 412 547 et
435 483 650 568 prudentiam,
674 484 790 568 quibus
810 507 847 549 ea
866 485 946 549 bene
970 485 1083 569 guber-

63 585 130 666 net,
152 603 202 665 ne,
226 581 254 644 si
276 581 359 646 mala
377 581 508 645 fortuna
527 585 639 646 oontra
662 604 735 647 eum
759 583 941 666 surrexerit,
965 581 1084 646 offendi

64 679 170 765 possit
194 680 379 763 imparatus.
417 677 467 744 Ita
491 679 520 743 ei
539 680 601 744 erit
619 702 736 765 magna
756 681 909 745 securitas
928 684 961 744 et
980 679 1085 765 gloria

62 782 98 843 et
125 777 231 842 honor
257 799 407 863 magnus,
435 799 589 863 magnum
616 800 692 842 vero
721 777 874 863 gaudium
901 782 934 842 et
961 778 1085 842 laetitia

65 875 107 940 iis
132 896 213 960 quos
236 875 336 961 regit,
360 877 415 959 qui
439 897 476 940 oo
500 877 604 961 magis
629 877 658 940 ei
682 876 852 940 oboediant
876 877 910 940 in
934 876 1084 940 omnibus

65 974 162 1039 rebus
185 996 265 1058 quas
284 973 492 1038 mandaverit.
531 971 629 1037 Cuius
648 975 695 1038 rei
714 975 811 1038 etiam
826 973 962 1038 Tullus
986 979 1084 1039 testes

66 1071 147 1136 alios
171 1071 277 1155 affert,
309 1071 432 1136 seilicet
454 1070 621 1135 Metellum
646 1076 678 1135 et
701 1071 892 1156 Fabianum,
922 1076 1084 1137 senatores

66 1169 189 1235 Rornae
211 1170 393 1254 praeclaros
419 1173 451 1233 et
474 1169 566 1233 valde
590 1174 728 1253 amatos,
755 1171 917 1254 quomodo
942 1170 1085 1253 perdide-

65 1268 133 1332 rint
164 1289 306 1332 amorem
339 1267 453 1353 populi
482 1271 515 1330 et
544 1267 668 1334 honore
700 1268 814 1333 deieoti
845 1273 920 1333 sunt
952 1273 1085 1353 proptor

64 1366 220 1431 frumenti
248 1367 415 1430 oaritatem
440 1365 560 1429 Romae
584 1371 737 1431 exortam.
784 1367 954 1432 Praeterea
976 1371 1085 1430 narrat

65 1463 238 1548 populum,
261 1486 334 1528 oum
359 1461 475 1527 Caesar
498 1463 674 1548 adveniret,
702 1465 870 1549 reliquisse
893 1464 1084 1548 Pompeium

66 1562 109 1627 ob
141 1583 286 1627 annonae
317 1563 481 1626 caritatem
512 1583 575 1644 qua
605 1564 815 1647 vexabantur,
846 1566 878 1626 et
910 1560 1085 1644 Caesarem,

66 1659 155 1743 quod
179 1661 332 1725 continuo
356 1683 395 1724 ex
420 1657 597 1743 Campania
620 1665 652 1724 et
677 1660 823 1726 Sardinia
846 1680 996 1745 magnam
1020 1661 1085 1724 fru-

65 1760 169 1822 menti
192 1759 319 1842 oopiam
342 1763 523 1841 arcesseret,
547 1760 694 1824 adiutum
713 1762 745 1823 et
764 1762 904 1824 amatum
928 1779 1005 1823 esso.
1041 1756 1086 1820 Et

65 1856 188 1922 multae
215 1856 297 1922 aliae
325 1856 472 1922 civitates
500 1858 596 1923 urbes
624 1857 755 1922 castella
783 1856 1017 1921 dominationes
1047 1877 1084 1918 ex

67 1956 166 2020 simili
183 1956 376 2020 necessitate
391 1957 565 2039 periemnt,
587 1956 677 2019 ouius
692 1976 803 2020 omnes
819 1955 980 2039 sapientes
998 1955 1085 2040 prin-

67 2054 154 2138 oipes
178 2057 210 2117 et
229 2053 253 2117 ii
273 2055 328 2137 qui
348 2053 530 2137 gubernant
548 2075 599 2118 res
617 2053 773 2138 publicas,
791 2054 950 2120 rationem
968 2053 1085 2117 habere

67 2150 187 2216 debent
209 2155 242 2224 et
266 2172 360 2236 saepe
383 2150 553 2216 reminisci.
599 2150 644 2215 Et
667 2150 721 2216 hio
743 2152 839 2216 linem
861 2151 978 2215 faciam
1002 2151 1085 2215 sexti

66 2249 132 2314 mei
156 2249 287 2314 seminis
310 2249 411 2336 grani.

159 2443 263 2530 Caput
279 2447 452 2530 septimum
466 2446 612 2530 loquitur
622 2444 660 2510 de
675 2445 813 2530 septimo
829 2444 960 2508 seminis
975 2465 1085 2529 grano,

68 2543 156 2629 quod
184 2544 313 2609 disserit
340 2544 501 2628 quomodo
530 2544 615 2609 bona
642 2544 688 2608 rei
716 2542 865 2628 publicae
892 2541 1086 2606 continenda

67 2642 214 2727 augenda
237 2643 454 2708 conservanda
481 2644 547 2708 sint
576 2644 642 2707 sive
669 2643 704 2706 in
726 2641 834 2726 regnis
858 2641 925 2704 sive
952 2641 987 2703 in
1010 2640 1085 2703 oivi·

67 2740 198 2805 tatibus.

158 2836 269 2903 Soiant
291 2841 457 2923 praeterea
476 2861 587 2904 omnes
606 2839 767 2923 principes
787 2842 819 2902 et
838 2837 893 2920 qui
911 2858 962 2900 res
980 2836 1085 2920 publi-

68 2957 122 3002 oas
151 2936 344 3021 gubernant,
372 2960 469 3002 unam
497 2960 536 3001 ex
565 2936 682 3020 oausis,
710 2959 768 3002 our
794 2936 917 2998 domini
945 2939 976 2998 et
1000 2935 1086 3018 prin-

68 3034 155 3119 oipes
179 3057 197 3097 a
220 3036 288 3099 suis
311 3040 468 3119 amentur,
492 3057 561 3100 eam
585 3057 668 3117 esse,
691 3033 778 3118 quod
801 3033 958 3097 aerarium
981 3031 1086 3115 publi-

67 3154 141 3196 oum
165 3136 197 3196 et
219 3132 300 3197 alios
319 3133 440 3198 reditus
460 3135 515 3217 qui
535 3133 698 3198 communi
717 3131 835 3196 oivium
854 3130 991 3194 utilitati
1010 3134 1086 3194 sunt

67 3230 150 3294 bene
181 3230 360 3314 continent,
391 3231 630 3314 administrant,
658 3234 863 3312 conservant,
892 3251 932 3293 ne
955 3228 1085 3312 tyranni
1152 3248 1154 3255 ¹

67 3328 188 3393 civium
217 3328 407 3412 spoliatores
435 3350 489 3393 eos
521 3329 649 3413 possint
677 3330 817 3412 expilare
846 3349 950 3410 neque
979 3327 1085 3410 oppri-

68 3448 169 3509 mere,
192 3425 279 3510 quod
302 3448 397 3511 saepe
419 3427 544 3491 faciunt
568 3427 626 3492 sub
651 3425 796 3511 principe
815 3426 905 3490 fatuo
929 3430 961 3489 et
980 3424 1086 3509 negle-

68 3525 173 3608 genti,
197 3523 306 3609 otiam,
334 3525 420 3608 quod
443 3527 535 3610 peius
558 3530 623 3610 est,
649 3525 757 3590 adiuti
775 3545 876 3606 saepe
897 3527 935 3585 et
954 3522 1111 3591 euenum,
