2422 3856
460 160 516 213 LA
534 159 701 213 SALADE
1048 157 1089 221 21

78 312 126 371 est
148 307 288 390 populus
312 329 386 371 cum
409 306 439 369 ei
461 327 527 369 non
546 304 588 369 sit
606 304 743 368 facultas
765 303 866 369 libere
885 302 1000 388 agendi
1020 324 1092 367 cum

78 404 202 469 artibus
227 407 258 466 et
282 407 470 467 mercatura.
507 402 652 466 Fortuna
676 401 866 466 deseruntur
885 401 969 465 etin
987 423 1093 467 neces·

78 502 206 566 sitatem
229 501 429 585 perveniunt,
453 522 551 585 quare
569 500 726 584 paulatim
744 504 947 564 murmurant
970 504 1003 564 et
1021 521 1094 564 con-

78 603 269 685 queruntur,
298 598 384 683 quod
407 599 471 662 ista
493 599 552 663 sub
577 597 794 662 dominatione
823 600 928 732 sunts
952 596 998 661 Et
1019 598 1094 663 inde

77 701 112 762 in
135 697 250 760 animis
270 718 380 761 eorum
400 697 579 782 gignuntur
598 696 702 760 malae
720 696 911 780 voluntates
934 699 967 759 et
986 694 1094 760 existi·

78 800 168 859 mant
192 817 426 879 quamcumque
450 795 546 860 aliam
570 816 607 858 ac
629 816 714 858 nunc
740 793 880 858 habeant
905 792 1094 858 dominatio-

78 916 150 957 nem
174 893 307 976 adeptos
334 915 367 957 sa
395 893 429 956 in
456 892 546 957 nulla
574 891 637 956 alia
659 893 722 956 nisi
750 892 883 957 meliore
906 891 1094 958 condicione

78 992 205 1055 futuros
229 1012 306 1056 esse.
352 990 397 1055 Et
424 995 494 1054 tum
522 990 703 1074 proditores
732 991 931 1074 proditiones
959 994 992 1056 et
1015 989 1095 1054 sedi-

79 1089 155 1153 tiosi
179 1089 352 1153 seditiones
376 1089 508 1154 faciunt.
554 1086 618 1152 Sed
641 1089 668 1152 si
691 1089 814 1153 domini
838 1093 960 1173 curant,
982 1092 1021 1153 ut
1044 1111 1095 1152 res

79 1186 206 1252 venales
236 1191 308 1251 tuto
340 1191 549 1271 exportentur
579 1189 612 1250 et
642 1187 871 1272 importantur,
901 1191 1094 1251 mercatores

79 1289 111 1348 et
149 1285 281 1368 opifices
317 1285 443 1349 lucrum
481 1285 630 1350 auferunt
666 1285 807 1369 laetique
839 1287 960 1349 vivunt.
1011 1283 1095 1349 'lum

78 1383 219 1467 populus
252 1383 374 1449 divitiis
407 1384 549 1448 abundat
586 1387 618 1447 et
650 1383 767 1468 gaudet
804 1383 863 1447 tali
900 1383 1030 1447 domino
1063 1388 1096 1448 et

78 1483 216 1547 libenter
240 1504 312 1545 eum
335 1487 466 1546 tuentur
484 1487 516 1546 et
539 1480 714 1545 defendunt
733 1482 825 1566 eique
850 1481 958 1545 omnia
980 1484 1097 1566 parant

80 1581 197 1664 quibus
221 1579 345 1664 indiget
363 1585 395 1644 et
417 1601 476 1664 pro
496 1601 533 1644 eo
553 1580 647 1643 deum
667 1584 847 1664 precantur,
869 1600 973 1662 neque
996 1599 1096 1663 popu.-

78 1678 162 1741 lares
183 1678 298 1760 solum,
321 1679 377 1742 sed
395 1679 491 1742 etiam
507 1677 688 1761 omnesqui
706 1699 758 1742 res
772 1677 901 1741 venales
925 1677 958 1740 in
977 1681 1094 1741 terram

80 1777 148 1840 eius
172 1777 356 1860 important.
393 1775 501 1859 Atque
519 1774 573 1842 hic
593 1780 708 1859 quarto
729 1774 858 1839 seminis
878 1796 978 1861 grano
997 1775 1096 1839 finem

80 1896 253 1958 imponam.

170 2068 324 2144 Quintum
345 2075 442 2153 caput
464 2074 513 2135 est
536 2070 575 2134 de
600 2069 714 2153 quinto
739 2089 850 2153 grano,
873 2069 959 2152 quod
979 2071 1098 2132 tractat

82 2166 244 2249 quomodo
262 2167 424 2252 principes
443 2168 562 2251 aliique
580 2167 702 2233 domini
721 2189 754 2230 se
778 2167 941 2230 continere
961 2164 1097 2229 debeant

82 2265 114 2327 in
143 2264 274 2329 tributis
302 2265 504 2349 imponendis
533 2265 599 2330 suis
627 2264 815 2330 hominibus
843 2285 988 2348 quaeque
1015 2263 1096 2346 peri

81 2363 153 2426 cula
176 2385 193 2426 e
216 2363 376 2428 contrario
399 2369 579 2428 nascantur.

171 2459 278 2544 Atque
311 2461 456 2526 omnium
489 2484 570 2545 quae
602 2466 678 2526 sunt
713 2460 929 2544 periculorum
961 2459 1096 2523 Tullus

81 2559 159 2623 dicit
182 2564 267 2624 certe
294 2581 397 2642 neque
426 2560 644 2624 obliviscenda
670 2580 774 2642 neque
801 2558 1001 2644 neglegenda
1029 2578 1097 2622 esse

80 2679 118 2721 ea
136 2657 286 2742 pericula,
305 2679 386 2741 quae
406 2679 500 2742 saepe
519 2656 739 2741 compluribus
754 2656 892 2720 dominis
906 2656 1098 2738 acciderunt,

81 2755 168 2839 quod
190 2755 287 2820 nimis
310 2755 544 2820 inconsiderate
566 2755 723 2839 populum
751 2777 845 2819 suum
872 2754 1003 2819 tributis
1027 2775 1098 2840 gra-

81 2859 243 2917 vaverant.
288 2851 374 2918 Nam
397 2853 537 2938 populus
556 2875 593 2918 ea
616 2851 804 2918 condicione
828 2857 885 2937 est,
908 2857 945 2917 ut
967 2850 1097 2936 tributa,

81 2951 133 3014 vel
161 2951 189 3014 si
216 2952 395 3016 necessaria
428 2956 516 3036 sunt,
543 2952 685 3039 graviter
711 2951 802 3015 ferat.
848 2950 976 3014 Testem
1004 2949 1098 3014 vobis

82 3048 174 3112 affert
192 3048 391 3134 Marcellum,
414 3048 743 3133 †Brunlaventinum,
761 3048 847 3114 viros
866 3049 900 3111 in
915 3070 949 3112 re
967 3046 1098 3132 publiea

84 3145 229 3210 Romana
261 3147 515 3213 administranda
546 3148 711 3231 florentes,
749 3147 834 3230 quod
866 3146 906 3210 iis
939 3144 1098 3231 acciderit,

83 3243 169 3326 quod
201 3244 302 3309 nimia
333 3246 456 3312 tributa
492 3245 613 3330 populo
645 3245 809 3328 imponere
842 3243 968 3308 vellent.
1021 3242 1098 3307 'lor-

83 3363 200 3423 queum
225 3343 331 3427 etiam,
354 3365 437 3429 cum,
460 3348 497 3408 ut
520 3341 704 3428 Scipionem
728 3342 763 3406 in
781 3341 925 3406 Africam
948 3341 1099 3423 mitteret,
