2422 3856
466 152 667 210 CONOLUSIO
1033 156 1076 219 93

57 309 139 367 cives
162 307 200 366 iis
222 307 380 383 pecuniam
403 305 587 383 praebebunt
611 298 661 387 (ir.
683 298 746 388 16).
792 305 834 365 ut
851 305 896 364 ita
915 304 1077 366 servabunt

57 395 210 472 principes
242 395 373 455 civitatis
406 413 537 454 summas
566 395 661 473 leges,
693 394 854 455 secundum
882 413 956 471 quas
985 396 1077 454 etiam

58 488 187 544 mortem
210 487 350 560 oppetere
374 484 482 544 debent
503 503 558 560 pro
581 486 691 544 civium
714 484 811 544 salute
835 475 966 565 (fr.17).
1000 484 1076 542 Tum

59 575 187 634 fortusse
214 573 251 632 de
279 574 389 632 civium
419 573 525 633 officiis
554 575 642 650 plura
669 572 852 632 dicebantur.
899 573 957 633 Sed
985 575 1077 633 etiam

58 663 126 721 fieri
148 664 257 740 potuit,
280 664 315 721 ut
337 665 457 739 praeter
480 681 524 736 ea,
547 679 623 738 quae
643 661 739 723 adhuc
755 663 826 722 huie
849 661 926 721 libro
948 663 1076 722 infuisse

59 751 339 826 demonstravimus,
362 752 382 810 i.
401 771 425 810 e.
448 754 568 828 praeter
589 752 760 829 fragmenta
777 769 868 827 supra
892 750 1017 811 collecta
1039 751 1076 809 de

59 843 172 900 civium
185 841 303 900 iustitia
316 841 445 899 multum
455 839 656 901 dissereretur.
680 840 829 900 Antonius
844 844 953 914 autem,
970 840 1023 914 qui
1038 839 1076 898 ad

59 929 225 989 docendum
251 932 417 1008 principem
444 929 555 989 librum
587 948 673 989 suum
701 929 880 1006 composuit,
912 948 947 988 ea
980 929 1076 989 solum

61 1018 252 1094 exspoliavit,
290 1036 367 1095 quae
400 1019 438 1079 ed
473 1019 617 1096 principis
650 1018 749 1079 officia
781 1019 981 1094 pertinebant.
1035 1018 1076 1078 llt

61 1109 181 1166 omnino
212 1107 362 1168 Antonius
394 1109 527 1186 singulas
554 1109 642 1168 huius
673 1107 745 1167 libri
779 1110 941 1190 sententias
973 1107 1076 1167 eadem

60 1198 136 1255 serie
155 1196 316 1272 eodemque
335 1197 438 1257 ordine
457 1198 644 1274 exscripsisse
662 1197 737 1257 mihi
756 1196 876 1272 quidem
893 1196 1013 1257 videtur
1031 1199 1075 1256 at·
1100 1178 1111 1201 ⁰

61 1305 118 1361 que
137 1285 295 1346 exstabant
313 1286 394 1363 apud
413 1285 592 1361 (liceronem,
616 1286 695 1362 quod
714 1285 930 1346 sententiarum
948 1304 1076 1345 conexus

60 1394 95 1434 ex
119 1375 243 1435 Antonii
267 1395 354 1452 opere
377 1380 439 1435 tam
462 1375 550 1435 facile
574 1375 738 1436 conficitur.
783 1374 897 1444 Quibus
919 1377 1075 1435 sententiis

60 1483 129 1523 eum
142 1483 211 1526 suas
224 1483 340 1541 semper
353 1465 503 1524 addidisse
516 1483 608 1542 supra
625 1485 654 1541 p.
669 1467 709 1524 41
720 1483 783 1542 sqq.
798 1464 1075 1524 demonstravimus.

150 1553 195 1612 De
222 1554 345 1630 reliquis
374 1553 463 1614 huius
491 1554 562 1613 libri
591 1555 740 1631 partibus,
772 1572 847 1630 quae
877 1552 917 1612 ad
943 1553 1074 1628 reliquas

59 1643 186 1702 virtutes
208 1642 406 1718 pertinebant,
430 1661 520 1720 supra
542 1663 571 1720 p.
593 1646 708 1721 72sqq.
732 1643 934 1703 disseruimus.

149 1730 262 1801 Quibus
290 1733 432 1807 expositis
458 1733 640 1809 relinquitur
668 1736 703 1793 ut
735 1751 911 1808 quaeramus
942 1750 981 1790 an
1009 1731 1076 1792 fieri

58 1820 167 1897 possit,
194 1824 230 1879 ut
252 1823 431 1897 statuamus,
460 1840 519 1898 quo
547 1826 667 1883 auctore
691 1821 793 1882 (liceto
815 1823 848 1882 in
872 1821 1074 1896 componendo

59 1909 114 1969 hoc
142 1909 219 1969 libro
248 1929 319 1970 usus
347 1911 386 1970 sit
413 1914 444 1971 et
471 1931 530 1988 quo
558 1914 692 1989 tompore
718 1910 830 1970 librum
858 1909 1074 1988 conscripserit.

58 1998 159 2074 Atque
186 2002 222 2057 ut
249 2000 346 2058 multa
373 2019 440 2060 oum
468 2000 605 2061 Panaetii
637 2001 793 2061 sententiis
820 2018 982 2079 congruere
1013 2001 1075 2059 iam

58 2105 151 2165 supra
168 2108 197 2164 p.
213 2088 254 2147 55
265 2106 308 2165 sq.
328 2089 436 2148 leviter
452 2089 698 2167 significavimus,
716 2090 760 2148 ita
779 2089 911 2148 Tullium
930 2089 1074 2150 Panaetio

58 2180 180 2238 auctore
209 2196 296 2238 usum
326 2196 389 2238 esse
420 2199 455 2239 ex
485 2179 631 2254 omnibus,
661 2198 737 2255 quae
768 2177 865 2238 adhuc
892 2179 1074 2256 collegimus,

58 2286 136 2325 nuno
174 2284 333 2326 censemus.
383 2267 462 2327 Nam
499 2271 529 2326 et
565 2270 699 2329 iustitiae
734 2267 895 2344 bipertitae
931 2267 1074 2343 definitio,

59 2356 156 2431 qualis
183 2357 216 2414 in
239 2356 294 2416 hoo
321 2355 398 2416 libro
421 2359 582 2434 reperitur,
610 2357 647 2418 ab
669 2357 723 2416 illo
748 2358 881 2436 orginem
908 2353 1016 2432 ducit¹,
1044 2360 1075 2417 et

58 2442 194 2525 Stoicum
216 2445 303 2504 illum
325 2445 538 2523 philosophum
561 2447 597 2507 de
619 2446 860 2525 magistratibus,
887 2445 923 2506 de
947 2465 1074 2523 quorum

57 2532 164 2592 officiis
183 2533 275 2594 etiam
292 2536 349 2594 hoc
367 2535 444 2596 libro
463 2535 630 2612 disseritur,
653 2535 747 2614 egisse
767 2535 869 2596 Cicero
887 2535 952 2611 ipse
970 2528 1075 2594 (ἰίιὶὴ.2

56 2621 195 2698 Accedit,
228 2624 308 2699 quod
339 2625 389 2684 hic
417 2624 565 2685 Ciceronis
593 2625 669 2684 liber
695 2626 833 2701 plurimis
865 2624 939 2684 locis
967 2623 1073 2684 similis

57 2710 177 2770 videtur
199 2711 283 2772 libris
306 2713 403 2790 primo
427 2717 457 2773 et
479 2716 616 2791 secundo,
640 2732 713 2790 quos
732 2714 768 2773 de
787 2713 892 2774 officiis
916 2717 946 2774 et
968 2713 1073 2789 quinto

57 2817 93 2859 ac
120 2803 216 2874 serto,
249 2819 323 2876 quos
351 2803 386 2862 de
413 2823 446 2863 re
473 2803 594 2880 publica
622 2795 823 2880 conseripsit.⁸
868 2803 908 2862 Et
935 2822 1004 2862 cum
1030 2804 1074 2863 ibi

57 2907 126 2948 eum
144 2889 288 2949 Panaetio
307 2911 395 2953 usum
419 2911 481 2953 esse
503 2894 582 2953 inter
600 2912 701 2954 omnes
720 2885 863 2966 constet⁴,
886 2895 977 2952 etiam
995 2891 1073 2950 hunc

57 2981 303 3038 commentarium
340 2984 529 3059 componenti
561 2983 660 3042 Tullio
697 2983 778 3042 illius
816 2981 945 3041 auctoris
981 2981 1073 3040 libros

55 3066 127 3125 usui
154 3068 246 3127 fuisse
274 3071 359 3129 nobis
387 3071 599 3131 conficiendum
627 3075 679 3131 est.
727 3073 850 3131 Secutus
879 3074 979 3130 autem
1006 3089 1073 3129 eum

55 3159 176 3217 estnon
194 3157 247 3232 ita,
265 3162 301 3219 ut
319 3178 420 3219 omnes
439 3161 502 3220 eius
521 3163 684 3221 sententias
702 3163 735 3220 in
753 3180 915 3220 sermonem
931 3159 1073 3242 Latinum

56 3249 251 3320 converteret,
274 3249 326 3308 sed
350 3253 382 3308 ut
401 3268 436 3308 ea
454 3251 549 3309 solum
568 3250 637 3312 inde
660 3254 797 3324 sumeret,
821 3269 897 3326 quae
920 3252 992 3326 apta
1015 3249 1073 3309 sibi

130 3383 155 3449 1)
175 3399 260 3450 supra
279 3400 306 3451 p.
322 3388 363 3436 56.
443 3386 469 3453 2)
488 3383 530 3438 De
548 3383 671 3455 legg.lli
687 3391 727 3440 14.
784 3438 787 3450 ,
806 3390 833 3456 3)
858 3384 935 3450 Quae
957 3384 1073 3438 demon-

55 3453 206 3506 stravimus
224 3472 251 3522 p.
268 3459 380 3522 58sqq..
489 3459 517 3526 4)
542 3456 574 3510 V.
593 3456 628 3511 de
647 3456 693 3512 off.
712 3456 725 3511 I
744 3463 823 3525 6sq.;
849 3456 885 3510 de
907 3471 937 3508 re
960 3472 987 3523 p.
1002 3455 1071 3512 134.

53 3521 172 3577 Hirzel
187 3524 427 3597 Uutereacbccqea
441 3543 477 3580 sc
492 3527 597 3584 Oieeros
613 3529 850 3601 pbdosopbe'eebeu
863 3527 1005 3590 assessus
1012 3527 1085 3577 wi.
