2422 3856
307 164 331 213 6.
350 158 400 212 DE
418 157 652 213 FRAGMENTIS
672 157 909 213 COLLIGENDIS
1064 157 1106 220 75

91 311 139 371 nti
162 310 247 370 nobis
272 310 352 369 licet.
375 341 420 352 -
442 310 570 386 Reliqua
593 313 696 369 autem
718 310 806 368 huius
826 312 931 385 partis,
956 326 1031 383 quae
1051 310 1116 365 erat

92 401 130 460 de
153 399 322 476 prudentia,
353 398 468 458 desunt.
513 399 579 459 Iam
608 402 710 458 utrum
736 398 814 457 hanc
841 400 993 472 virtutem,
1024 415 1114 472 quam

92 488 220 549 eandem
238 490 417 564 sapientiam
437 507 556 565 quoque
574 507 675 562 voces,
698 487 845 547 fortitudo
867 506 906 545 an
930 486 1114 546 continentia

92 581 197 638 secuta
215 579 264 651 sit,
282 579 428 636 incertum
448 579 502 637 ost.
547 577 654 653 Itaque
673 580 708 636 ut
729 596 783 654 ego
801 575 975 636 fortitudini
992 577 1115 634 tertium

92 667 164 726 dedi
186 668 292 741 locum,
315 668 369 740 ita,
392 667 419 725 si
441 667 509 743 quis
528 666 729 726 continentiae
750 685 818 725 eum
837 665 1000 725 attribuere
1017 664 1115 737 malit,

92 759 205 816 cinon
229 756 378 816 adversor.
424 756 470 814 Ex
497 757 552 815 illa
584 759 684 815 autem
711 758 798 831 parte
827 773 887 830 qua
914 753 1116 813 disserebatur

92 847 130 904 de
147 846 340 918 continentia,
353 844 503 904 Antonius
523 845 609 903 affert
629 845 680 918 38,
699 847 739 903 16
760 837 794 925 (7
811 844 878 904 adn.
895 835 960 924 15)
979 843 1115 901 fabulam

94 935 132 994 de
155 936 239 994 casta
261 936 372 993 marita
394 938 558 993 narratam.

183 1022 265 1082 Haec
288 1024 349 1081 fere
373 1026 456 1096 sunt,
487 1043 562 1099 quae
591 1022 626 1080 de
655 1023 723 1082 sede
751 1023 937 1101 singulorum
964 1021 1114 1098 fragmen·

92 1117 194 1172 torum
216 1111 313 1171 dicere
341 1131 506 1188 possumus.
553 1112 761 1188 Relinquitur,
788 1115 823 1169 ut
852 1111 995 1186 reliquias
1025 1110 1113 1168 huius

92 1203 166 1262 libri
192 1220 227 1261 eo
254 1201 357 1260 ordine
385 1201 540 1278 colligam,
568 1220 657 1278 quem
684 1200 771 1259 modo
800 1201 931 1275 exposui.
981 1196 1114 1267 Quorum

92 1293 332 1368 fragmentorum
364 1309 430 1349 cum
462 1291 550 1369 longe
581 1291 712 1366 plurima
745 1310 779 1348 cx
811 1289 937 1347 Antonii
969 1288 1113 1363 opusculo

92 1379 262 1458 colligenda
290 1381 364 1454 sint,
391 1380 578 1438 incommodo
607 1382 665 1457 est,
694 1382 725 1439 et
752 1378 832 1455 quod
859 1378 990 1436 hicnon
1017 1377 1114 1435 latina

93 1468 186 1529 verba
208 1469 307 1528 reddit
325 1472 356 1528 et
375 1468 454 1546 quod
472 1488 522 1528 eas
539 1471 651 1546 partes,
675 1486 749 1545 quas
772 1487 807 1526 ex
824 1468 881 1526 hoc
900 1468 1113 1526 commentario

93 1560 233 1634 sumpsit,
270 1577 371 1618 omnes
407 1561 539 1619 mutatas
576 1577 643 1618 cum
683 1556 806 1618 vocibus
847 1558 909 1615 suis
950 1556 1112 1631 coniungit.

94 1649 194 1719 Quare
212 1650 247 1706 ut
264 1648 312 1706 illi
329 1648 409 1706 malo
428 1667 463 1707 eo
481 1647 628 1722 medebor,
653 1647 732 1723 quod
745 1647 872 1705 Antonii
889 1644 1037 1719 libellum,
1061 1646 1114 1720 qui

94 1737 216 1812 quidem
230 1737 268 1794 ad
283 1735 453 1796 Ciceronem
467 1738 625 1812 pertineat,
642 1756 671 1812 p.
684 1739 773 1812 2sqq.
787 1738 820 1794 in
833 1736 970 1812 linguam
986 1734 1113 1792 latinam

93 1828 243 1900 converti,
265 1827 310 1884 ita
337 1844 428 1900 nunc,
456 1830 491 1884 ut
516 1826 571 1883 illa
593 1826 762 1902 fragmenta
786 1825 906 1885 omnino
929 1842 965 1882 ex
987 1822 1114 1881 Antonii

94 1932 202 1975 vocum
224 1934 301 1973 nexu
324 1932 473 1974 secernere
502 1916 533 1972 et
558 1914 660 1990 aliquo
688 1917 751 1972 iure
777 1913 925 1973 Ciceronis
947 1913 1113 1986 fragmento

94 2003 248 2080 appellare
266 2022 393 2079 possem,
412 2022 446 2062 ea
464 2006 497 2061 in
515 2022 680 2063 sermonem
698 2003 827 2062 latinum
846 2001 999 2061 meliorem
1016 2003 1114 2058 traus-

94 2094 172 2152 ferre
195 2092 298 2151 studui
321 2092 443 2151 abiectis
465 2092 592 2151 Antonii
614 2091 722 2166 verbis,
745 2093 872 2150 maxime
897 2089 1004 2165 quibus
1027 2108 1113 2164 prae·

93 2183 177 2240 fatus
205 2184 258 2240 aut
285 2181 455 2257 complexus
488 2184 534 2240 est
561 2175 680 2258 singola
707 2199 783 2255 quae
815 2179 960 2238 laudavit.
1011 2178 1113 2236 Etiam

94 2271 209 2348 dialogi
231 2270 360 2330 formam
383 2271 573 2346 aliquatenus
591 2272 747 2330 restituere
771 2271 895 2329 conatis
918 2260 1010 2326 suml.
1048 2266 1113 2336 Qua

93 2362 128 2418 in
154 2359 290 2420 versione
317 2361 355 2418 iis
383 2361 539 2419 sententiis
566 2360 751 2436 reliquorum
780 2358 930 2418 Ciceronis
959 2356 1114 2428 librorum,

95 2466 171 2526 quas
190 2451 225 2506 ut
239 2447 406 2508 consimiles
425 2466 515 2525 supra
533 2469 562 2524 p.
574 2449 690 2524 58sqq.
709 2448 825 2526 collegi,
845 2445 1112 2522 quamplurimum

93 2555 166 2596 usus
190 2556 269 2611 sum,
296 2540 331 2596 ut
358 2538 524 2598 efficeretur
551 2538 633 2598 color
655 2538 776 2596 latinus.
822 2538 921 2612 Atque
948 2539 983 2594 ut
1011 2553 1113 2594 omnes

94 2629 175 2686 recte
197 2625 388 2704 intellegant,
411 2645 489 2702 quae
512 2627 616 2701 velim
639 2627 736 2685 denuo
758 2627 901 2702 expressis
924 2623 1023 2683 verbis
1046 2623 1112 2682 dico

96 2715 246 2775 Ciceronis
264 2718 412 2775 rationem
430 2716 547 2776 dicendi
569 2719 600 2774 et
620 2735 785 2776 sermonem
806 2733 927 2790 prorsus
950 2731 1113 2788 numquam

94 2824 143 2864 me
162 2805 329 2881 adaequare
347 2805 431 2865 velle.
468 2804 596 2864 Proinde
619 2823 690 2865 cave
709 2806 784 2864 mihi
801 2805 877 2863 vitio
895 2806 1009 2876 remae,
1033 2801 1112 2877 quod

94 2913 189 2972 genus
218 2896 362 2953 sermonis
391 2893 618 2954 Ciceronianam
645 2913 705 2954 non
731 2894 847 2953 imitari
873 2892 1008 2951 audeam.
1055 2890 1112 2949 Sed

95 2983 177 3059 quod
195 3002 246 3041 eae
266 2984 431 3042 sententiae
450 3002 524 3058 quas
542 3003 646 3044 revera
660 2983 810 3042 Ciceronis
829 3000 891 3041 esse
910 2982 1113 3058 cognovimus,

94 3073 128 3131 in
155 3090 320 3131 samonem
351 3072 479 3131 latinum
508 3073 598 3148 paulo
626 3075 781 3133 rectiorem
811 3089 901 3147 qnam
931 3087 1021 3144 supra
1048 3068 1113 3126 fieri

94 3163 197 3237 potuit
219 3179 377 3220 conversae
405 3166 487 3235 sunt,
514 3182 601 3221 nemo
628 3161 830 3237 reprehendet.
876 3159 1034 3218 Praeterea
1056 3159 1113 3218 hac

94 3250 293 3310 translatione
316 3251 397 3309 facta
420 3251 570 3310 nonnullis
593 3252 666 3310 locis
691 3252 777 3326 quasi
795 3250 1008 3309 demonstratio
1028 3247 1112 3306 affer-

170 3387 195 3452 1)
211 3384 325 3437 Librum
340 3384 486 3455 dialogum
499 3385 586 3439 fuisse
601 3401 772 3453 quamquam
786 3382 937 3438 verisimile
951 3385 1002 3448 est,
1016 3384 1112 3434 tamen

95 3456 271 3538 argumentis
290 3455 395 3510 firmari
414 3473 470 3510 non
488 3458 590 3525 potest,
609 3456 640 3510 id
658 3457 734 3526 quod
752 3456 811 3509 iam
830 3469 914 3522 supra
932 3472 960 3523 p.
972 3460 1005 3506 74
1020 3452 1111 3506 adul

94 3543 284 3596 exposuimus.
