2422 3856
476 136 531 189 LA
550 136 717 189 SALADE
1064 132 1108 196 25

91 284 275 367 principum
298 282 420 346 reditus
443 303 510 345 non
531 302 641 345 omnes
665 280 743 345 satis
766 280 877 366 magni
900 283 975 344 sunt
998 280 1050 343 vel
1068 278 1109 342 ad

92 381 228 466 grandes
252 383 409 462 sumptus,
432 400 513 461 quos
537 400 630 463 saepe
654 379 703 442 illi
722 381 901 443 sustentare
920 377 1039 441 debent
1056 379 1108 441 rel

92 480 132 542 ad
159 500 209 543 res
238 479 392 561 quasdam
420 478 558 563 agendas
585 479 623 541 ut
651 477 691 540 ad
720 476 806 541 bella
833 476 1030 540 defendenda
1057 476 1109 539 vel

91 576 155 640 alia
178 577 357 641 1111111111
379 575 512 660 negotia
534 573 744 658 exsequenda,
770 596 851 658 quae
875 595 1001 658 semper
1023 573 1109 657 prin-

93 674 218 758 cipibus
243 673 452 739 occurrunt?'
498 672 584 738 Huic
607 672 741 736 Tullus
754 672 939 755 'respondet
962 675 993 736 11
1017 671 1110 736 dicit:

93 772 262 836 ‘indicetis
290 773 392 836 amice
415 773 536 855 populo
560 774 667 835 vestro
690 792 742 834 res
764 770 968 853 necessarias,
992 773 1023 834 et
1045 768 1109 833 nisi

91 893 150 933 vos
181 869 378 934 adiuvabunt
408 868 446 933 de
477 891 535 933 sua
564 872 714 954 pecunia,
746 872 854 932 tamen
887 866 925 932 de
957 868 1109 953 vectigali

92 969 244 1051 imposito
275 967 424 1032 omnibus
457 968 503 1031 eis
533 968 649 1051 rebus,
678 989 758 1050 quae
793 965 979 1052 negotiandi
1014 987 1110 1030 causa

94 1067 309 1148 importantur
328 1069 359 1130 et
378 1069 598 1150 exportantur,
617 1070 648 1129 et
666 1068 703 1129 ut
723 1069 798 1128 sunt
816 1064 963 1128 homines
981 1063 1111 1150 legibus

93 1165 351 1248 obtemperantes
370 1168 402 1227 et
420 1165 593 1247 prudentes
613 1163 646 1228 id
663 1163 783 1227 facient
800 1162 948 1245 libenter,
971 1162 998 1225 si
1021 1162 1110 1244 prin·

92 1263 179 1345 cipes
202 1284 278 1347 erga
301 1283 356 1325 eos
379 1261 456 1325 boni
481 1266 575 1326 erunt
593 1265 625 1325 11
645 1283 698 1325 111
717 1262 751 1324 11
770 1260 915 1325 custodia
934 1264 966 1323 11
984 1259 1109 1324 11111111

92 1359 325 1423 continebunt'
361 1358 447 1423 Nam
468 1359 530 1424 hoc
553 1381 612 1444 pro
636 1357 738 1423 nihilo
759 1357 888 1441 ducunt,
911 1358 988 1420 dum
1011 1379 1051 1420 ne
1071 1357 1111 1420 de

92 1480 149 1521 sua
166 1458 302 1540 pecunia
320 1457 471 1542 pendant,
490 1459 580 1522 cuius
595 1456 702 1521 varios
717 1460 850 1540 questus
869 1455 972 1520 edent.
1000 1453 1109 1518 Etiam

92 1577 245 1640 magnum
269 1560 437 1638 quaestum
461 1556 566 1622 facere
590 1558 757 1639 poterunt,
787 1577 860 1620 cum
888 1553 1027 1637 puniunt
1055 1575 1109 1617 eos

92 1654 148 1736 qui
172 1654 222 1717 ius
245 1652 450 1736 violaverint,
478 1653 639 1718 intuentes
667 1653 770 1717 multa
792 1653 857 1716 1111
883 1673 1000 1737 magna
1027 1651 1111 1735 peri·

92 1750 177 1833 cula,
214 1774 294 1835 quae
332 1773 427 1834 saepe
460 1750 614 1817 accidisse
650 1753 753 1815 multa
785 1752 905 1834 scripta
940 1752 1112 1813 testantur.

92 1849 201 1932 Atque
223 1849 277 1913 1111
299 1850 397 1914 finem
421 1850 537 1914 faciam
561 1848 667 1932 quinti
690 1848 754 1912 mei
777 1849 869 1935 gram
893 1847 1032 1912 seminis.

182 2042 286 2128 Caput
316 2050 441 2110 sextum
471 2047 618 2130 loquitur
648 2046 687 2109 de
717 2049 807 2109 sexto
838 2043 968 2109 seminis
998 2065 1111 2129 grano,

94 2142 181 2223 quod
204 2145 253 2205 est
276 2141 314 2205 de
338 2141 535 2206 abundantia
559 2147 590 2208 et
614 2143 652 2206 de
675 2143 785 2226 inopia
808 2141 854 2206 rei
871 2141 1111 2224 frumentariae,

94 2239 132 2301 de
156 2239 327 2303 securitate
352 2244 383 2303 11
405 2241 557 2324 periculis
582 2263 663 2324 quae
687 2240 761 2305 inde
782 2244 968 2306 nascuntur.

182 2335 327 2400 Revera
355 2359 422 2402 non
449 2339 664 2404 omittendum
692 2343 741 2404 est
768 2339 921 2403 disserere
950 2338 988 2401 de
1014 2336 1111 2400 bonis

94 2455 174 2517 quae
197 2456 257 2499 nos
281 2435 316 2498 in
339 2437 405 2500 vita
429 2441 612 2502 sustentant
635 2441 667 2501 et
690 2438 728 2502 de
751 2436 845 2500 malis
871 2457 938 2499 non
961 2434 1112 2499 sanabili·

92 2533 153 2597 bus
174 2553 254 2615 quae
278 2532 343 2597 illis
366 2533 465 2598 rebus
483 2535 638 2620 neglectis
658 2555 752 2617 saepe
766 2533 958 2598 acciderunt.
996 2531 1112 2616 Itaque

91 2628 227 2694 Tullus
247 2630 325 2694 dicit
342 2631 521 2715 principem
545 2633 634 2697 omni
658 2654 735 2697 cura
758 2637 790 2695 et
813 2630 982 2717 diligentia
1004 2632 1111 2715 provi·

92 2728 166 2792 dere
189 2728 317 2812 debere,
346 2733 383 2792 ut
406 2732 545 2813 populus
569 2729 650 2794 bene
678 2732 810 2794 ornatus
839 2729 882 2793 sit
909 2729 998 2793 omni
1021 2729 1111 2793 victu

92 2831 124 2910 et
152 2825 225 2889 aliis
251 2826 347 2891 rebus
376 2827 553 2892 conditioni
580 2829 740 2892 humanae
767 2827 963 2893 necessariis.
1009 2824 1054 2890 Et
1082 2826 1110 2890 si

94 2925 165 3005 quis
201 2924 299 2989 dicat:
340 2924 419 3002 ‘Qui
454 2927 524 2990 fieri
559 2930 667 3009 potest
705 2929 741 2990 ut
773 2924 923 2989 dominus
957 2924 1112 3008 praebeat

93 3020 322 3086 abundantiam
346 3023 451 3088 victus
475 3023 674 3108 aliarumque
696 3045 803 3088 rerum
828 3044 909 3106 quae
933 3021 1111 3086 conditioni

92 3119 252 3183 humanae
275 3121 471 3185 necessariae
495 3123 591 3187 sunt?
619 3125 705 3186 certe
728 3142 793 3184 non
816 3122 938 3204 potest,
960 3142 1035 3183 1111
1059 3119 1111 3186 dei

93 3215 155 3279 hoc
191 3221 239 3280 est
272 3218 329 3300 qui
360 3220 545 3283 moderetur
581 3219 843 3305 tempestatibus,
884 3217 969 3282 unde
1000 3218 1111 3303 fmges

93 3319 197 3377 111111
220 3317 252 3378 11
277 3337 495 3400 quaecumque
519 3317 583 3382 1111
605 3318 646 3382 ad
664 3318 698 3382 id
716 3316 894 3381 necessaria
917 3320 992 3380 sunt
1014 3315 1110 3380 nobis

93 3412 202 3475 fiunt'
246 3411 332 3478 Huic
355 3414 491 3480 Tullus
514 3415 687 3499 respondet
706 3418 738 3479 et
757 3414 848 3479 dicit:
872 3411 1007 3477 ‘Omnes
1032 3412 1112 3476 satis
