2422 3856
485 129 726 214 ansianum
761 171 763 174 .
1097 128 1115 190 7

98 273 144 338 Et
167 274 205 338 de
229 296 266 339 ec
291 276 447 357 scriptum
471 277 519 338 est
542 274 577 338 in
600 272 760 356 Pollucis,
790 274 824 338 in
850 273 935 338 libro
963 273 1060 338 tertio
1085 277 1118 337 et

98 372 134 436 in
156 371 188 436 X
207 373 321 457 capite,
345 371 543 436 adulatorem
566 393 635 436 esse
658 371 825 435 inimicum
845 371 949 435 omnis
971 371 1117 436 veritatis

98 474 133 534 et
155 470 288 556 infigere
312 491 385 534 eum
409 470 501 555 quasi
525 468 652 535 clavum
679 469 713 533 in
737 468 886 533 dextrum
910 468 1039 535 oculum
1063 469 1116 534 dc·

99 569 189 651 mini,
213 567 241 631 si
265 568 292 632 is
317 590 390 631 eum
413 567 512 632 audit.
559 565 663 644 Quare
687 589 760 632 eum
788 568 926 651 quisque
949 568 1060 654 fugere
1084 572 1116 632 et

97 666 219 730 evitare
242 665 346 749 debet,
369 665 528 750 imprimis
552 666 713 750 principes
732 669 764 729 et
787 666 843 730 alii
862 665 984 730 domini
1007 669 1040 731 et
1055 662 1116 730 'dc-

98 763 218 846 minae‚
248 765 304 848 qui
333 764 513 850 gubernant
541 785 592 828 res
622 763 777 848 publicas.
823 763 886 828 Sed
913 768 950 828 ut
977 763 1017 827 ad
1044 785 1117 847 prc-

99 861 242 944 positum
278 862 419 945 redeam,
459 863 627 927 locuturus
665 861 704 925 de
740 860 976 948 gloriosissimo
1015 883 1114 948 granc

98 960 239 1043 seminis,
262 961 353 1025 cuius
376 961 500 1045 primus
522 959 605 1024 liber
623 959 821 1024 mentionem
839 959 926 1043 facit,
950 959 1115 1024 sciendum

98 1060 148 1120 est
170 1079 228 1121 vos
251 1057 316 1122 late
340 1057 464 1142 aperire
484 1057 598 1122 debere
621 1061 732 1141 portas
755 1057 948 1140 intellectus,
971 1062 1007 1122 ut
1027 1058 1115 1122 omni

96 1158 244 1240 tempore
267 1155 412 1221 obtinere
435 1155 568 1240 possitis
591 1177 700 1220 veram
728 1155 887 1220 iustitiam
910 1159 947 1219 ut
970 1156 1115 1241 reginam

97 1253 243 1317 omnium
276 1253 435 1318 virtutum
442 1305 451 1337 ,
488 1253 610 1318 scilicet
642 1253 863 1318 misericordia
894 1257 1114 1338 temperatam.

97 1349 183 1416 Nam
207 1352 235 1415 is
259 1351 418 1437 princepe,
441 1352 497 1436 qui
520 1351 618 1415 habet
636 1352 671 1415 in
690 1373 724 1415 se
741 1351 911 1430 iustitiam,
933 1350 1114 1416 nonhabet

95 1448 366 1534 misericordiam,
402 1449 558 1534 appellari
594 1453 702 1533 potest
720 1449 848 1514 umbra
880 1449 949 1513 sine
982 1471 1115 1534 corpore

98 1568 181 1630 quae
200 1546 333 1630 paulum
348 1547 442 1611 durat
462 1551 493 1611 et
509 1548 669 1612 evanescit
684 1547 767 1612 sicut
781 1551 905 1611 ventus.
942 1547 1049 1630 Papae
1064 1547 1115 1611 de-

82 1634 194 1708 cretis
214 1648 246 1708 et
265 1643 411 1711 doctores
430 1649 559 1711 sanctae
573 1643 735 1730 ecclesiae,
757 1645 968 1728 imperatores
986 1643 1113 1730 legibus

96 1745 130 1805 et
153 1742 249 1807 iussis
273 1743 449 1808 canonibus
473 1765 510 1808 ac
528 1747 578 1807 tot
601 1743 797 1808 nobilissimi
816 1743 962 1808 doctores
981 1743 1114 1826 scripse

95 1843 173 1903 runt
197 1840 236 1904 de
259 1841 409 1906 maximis
432 1841 526 1906 bonis
549 1862 632 1925 quae
655 1841 806 1905 eveniunt
830 1862 869 1905 ex
890 1862 965 1905 vera
989 1841 1114 1928 iustitia

95 1937 191 2002 nobis
225 1939 447 2004 commendata
479 1960 534 2003 ore
566 1939 617 2003 dei
650 1939 684 2003 in
714 1942 824 2004 sancto
858 1938 1024 2024 evangelio
1056 1939 1113 2003 ubi
1164 2020 1167 2026 .

95 2035 189 2099 dicit:
213 2035 324 2100 ‘Beati
343 2037 400 2121 qui
413 2036 669 2121 persecutionem
687 2037 856 2122 patiuntur
872 2040 1005 2121 propter
1024 2035 1114 2102 iu'sti-
1161 2029 1162 2032 ¹

96 2133 203 2196 tiam’.
241 2131 304 2210 Qui
327 2155 393 2199 non
411 2133 517 2199 solum
536 2135 582 2199 ita
599 2134 836 2220 intellegendus
855 2138 913 2218 est,
937 2156 1009 2198 eum
1028 2157 1113 2199 com-

95 2230 248 2295 mendare
270 2231 430 2297 iustitiam
454 2254 607 2316 exercere,
631 2232 808 2297 sedetiam
832 2254 886 2297 eos
908 2232 1112 2297 beatissimos

95 2349 166 2392 esse
189 2328 281 2412 dicit,
305 2330 361 2414 qui
384 2331 551 2415 patiantur
573 2334 707 2415 propter
730 2331 938 2395 exercendam
962 2334 994 2394 et
1017 2331 1112 2396 susti-

95 2426 234 2490 nendam
252 2427 430 2492 iustitiam:
461 2450 559 2512 quare
583 2451 619 2492 ea
641 2450 836 2514 magnopere
864 2427 1027 2514 diligenda
1055 2432 1111 2492 est.

95 2522 135 2588 In
158 2547 223 2609 qua
246 2525 382 2590 Tullus
405 2525 483 2591 dicit
507 2548 541 2591 se
565 2526 627 2591 duo
652 2547 769 2612 genera
791 2527 935 2591 invenire
960 2527 1112 2609 iustitiae,

94 2621 231 2687 alteram
260 2644 329 2687 esse
357 2623 516 2688 iustitiam
548 2625 583 2689 in
610 2625 719 2707 corde,
751 2623 884 2688 alteram
916 2624 951 2688 in
978 2625 1111 2710 agendo.

95 2718 227 2785 lustitia
251 2721 286 2785 in
309 2722 404 2786 corde
433 2727 481 2787 est
508 2722 600 2786 firma
629 2726 660 2786 et
688 2725 839 2787 constans
862 2721 1026 2806 voluntas,
1054 2744 1112 2786 sua

94 2840 256 2903 quemque
287 2819 356 2884 iure
385 2818 517 2905 habere,
547 2842 629 2904 quae
660 2820 762 2904 ipsius
792 2821 856 2884 sint
885 2823 917 2885 et
941 2842 957 2884 e
982 2842 1015 2884 se
1039 2821 1110 2905 ipso

93 2915 179 2980 nihil
201 2917 340 3000 amplius
368 2918 546 2983 desiderare
575 2940 672 3002 quam
701 2919 788 3002 quod
815 2917 1012 2983 condicionis
1036 2940 1110 2982 suae

93 3014 212 3079 merito
240 3015 424 3099 postulatur
451 3038 554 3099 neque
587 3016 704 3081 inferre
719 3037 834 3101 ,neque
867 3016 970 3080 sinere
998 3016 1118 3080 inferri

25 3172 28 3179 ,
94 3112 246 3196 cuiquam
269 3113 372 3197 alteri,
396 3114 483 3199 quod
506 3114 575 3198 ipse
598 3114 661 3179 sibi
685 3113 797 3178 inferri
815 3112 907 3178 nolit.
943 3111 976 3178 Is
1000 3114 1110 3200 igitur,

95 3209 153 3292 qui
175 3210 275 3274 talem
294 3233 328 3276 se
346 3212 487 3296 praebet,
511 3211 632 3276 amicus
647 3211 698 3276 dei
716 3215 765 3277 est
780 3215 812 3276 et
827 3211 983 3296 appellari
1002 3215 1109 3295 potest

93 3307 145 3370 vir
168 3307 254 3373 iusto
278 3309 386 3373 animo
410 3314 442 3374 et
465 3310 549 3374 iusta
572 3309 746 3374 voluntate.
793 3308 901 3393 Atque
927 3309 1052 3374 iustitia
1075 3310 1109 3374 in

92 3405 219 3491 agendo
243 3427 280 3470 ea
304 3411 362 3491 est,
385 3430 466 3492 quae
489 3408 631 3491 pertinet
649 3407 689 3471 ad
708 3429 819 3472 omnes
837 3407 998 3492 principes
1017 3407 1110 3472 alios-

93 3526 156 3589 que
180 3504 327 3569 domincs
356 3510 387 3570 et
411 3505 570 3590 dominas,
598 3505 657 3591 qui
678 3505 869 3592 gubernant
892 3506 1070 3575 crisma}
1086 3504 1135 3554 xxx
