2422 3856
95 153 139 218 84
401 155 498 210 LIBRI
516 156 565 211 DE
584 156 801 213 VIRTUTIBUS

583 349 622 404 12

322 467 461 528 Omnium
485 488 560 546 queo
584 471 704 530 omnino
723 474 794 530 2222
813 472 1014 547 periculorum
1033 475 1110 531 22222

255 576 290 617 22
321 577 415 633 neque
448 558 650 620 obliviscende
685 579 780 637 neque
815 559 1000 639 neglegendo
1032 565 1110 635 sunt,

255 665 331 722 quue
364 665 452 725 saepe
485 651 515 707 22
545 650 703 725 permultis
734 648 919 726 principibus
951 650 1111 710 oivitutum

253 735 434 813 inuiderunt,
461 737 541 813 quod
563 738 652 798 nimis
675 737 893 799 1222221222222
920 740 1034 816 populo
1057 758 1111 799 222

252 825 400 885 tributum
427 826 640 903 imposuerunt.
685 828 765 887 Num
791 828 919 905 populus
947 846 982 887 22
1011 828 1112 889 222211-

251 913 334 974 21222
358 917 412 989 222,
434 919 469 974 22
491 915 614 991 tributu,
636 917 685 976 221
707 919 734 977 21
756 918 923 978 2222222212
941 920 1021 992 2222,
1044 937 1112 996 gre·

252 1005 331 1063 viter
357 1005 443 1063 ferat.
488 1004 671 1067 Testimonio
700 1009 800 1066 eutem
827 1006 1006 1081 2112222222,
1035 1025 1112 1082 quae

252 1092 394 1153 Marcello
419 1098 448 1153 22
466 1093 588 1154 Valerio
611 1094 757 1171 Laevino,
785 1114 852 1154 oum
879 1097 910 1154 in
933 1113 965 1153 re
988 1095 1113 1171 publiou

252 1182 489 1242 administranda
517 1183 669 1259 florerent,
702 1183 782 1260 quod
808 1185 935 1243 nimium
962 1183 1112 1245 tributum

252 1272 363 1348 populo
397 1271 549 1350 imponere
580 1273 705 1347 2211222,
742 1271 913 1332 2221222122.
968 1273 1010 1333 ut
1042 1292 1113 1333 2222

251 1361 431 1437 Torquatus,
454 1365 488 1420 22
511 1361 679 1438 Scipionem
701 1364 734 1420 12
751 1361 887 1423 21212222
909 1365 1115 1440 transgressu

251 1469 318 1509 rum
342 1450 510 1526 adiuvaret,
538 1450 671 1510 subsidio
698 1451 809 1528 populo
836 1452 1012 1528 imperaret,
1039 1453 1112 1512 11222

250 1539 307 1598 1222
325 1558 379 1616 pro
398 1542 547 1599 communi
561 1541 658 1600 221222
671 1542 786 1601 iussum
800 1542 886 1616 22222,
909 1539 947 1600 ob
963 1539 996 1599 id
1015 1560 1111 1618 popu·

251 1628 297 1687 lus
317 1648 384 1687 eum
401 1631 434 1687 in
450 1628 598 1705 capitolio
616 1649 670 1705 per
683 1629 792 1708 viginti
812 1632 955 1706 quattuor
976 1630 1040 1691 dios
1060 1631 1111 1691 ob·

251 1717 329 1776 sedit
352 1721 382 1778 22
405 1717 637 1794 comprehendit.

161 1855 264 1908 22222.
289 1857 336 1917 22,
356 1857 389 1905 22
401 1883 434 1894 -
446 1858 493 1918 22,
513 1857 529 1905 2
548 1858 607 1922 (21,
622 1859 655 1907 22
667 1858 745 1907 -22
761 1853 798 1924 s).
835 1853 991 1908 22222212
1015 1846 1112 1908 tutem

91 1941 164 1995 quoe
177 1925 310 1996 leguntur
325 1930 368 1991 22,
378 1929 447 1977 2-’1
463 1925 517 1994 (21,
529 1929 602 1978 32-
608 1930 642 1978 22
645 1923 717 1993 ,28)
732 1931 912 1995 quemquern
916 1924 1035 1980 Antonii
1049 1942 1111 1981 2222

92 1998 214 2052 arbitror
231 1997 347 2065 propter
364 2011 446 2050 22222
464 2012 531 2065 peno
553 2002 579 2050 et
601 1997 720 2063 21221222
742 1999 770 2050 22
794 1997 853 2052 leur
875 1997 1003 2067 22122222
1021 1998 1060 2052 leo
1078 2014 1111 2052 22

92 2069 152 2124 doit
164 2067 273 2152 puriter,
283 2083 355 2135 2222
364 2067 504 2122 recentius
514 2067 609 2136 potius
619 2083 718 2121 aevum
732 2067 854 2135 resipere
864 2067 1004 2135 videntur,
1014 2070 1111 2123 222222

91 2141 115 2195 21
139 2157 202 2265 (12212
226 2138 369 2280 221ἓέ
336 2137 610 2264 111222Βέ2222221222
633 2137 995 2264 ⁰5⁰⁰miifflfflofflffi„
954 2140 1110 2207 contendit,

91 2227 155 2336 2222
193 2227 209 2267 2
247 2227 267 2264 2
309 2210 386 2264 22212
448 2226 654 2264 memororum
674 2226 709 2264 22
732 2228 762 2264 22
785 2226 875 2266 22222
940 2209 1011 2264 22112
1034 2227 1068 2264 22

104 2281 262 2349 22222212,
281 2281 308 2335 21
326 2298 383 2335 222
398 2281 577 2336 vehementer
594 2228 783 2351 repquno-
801 2280 843 2336 De
861 2280 1024 2336 nominibus
1038 2229 1112 2336 νιξ-

214 2369 361 2408 222222222
379 2369 451 2420 quae
470 2341 516 2406 hio
535 2350 687 2407 laudentur
705 2370 835 2422 euprup.
854 2357 889 2406 46
900 2370 960 2421 sqq.
979 2353 1110 2422 pluribus

91 2425 183 2480 verbis
202 2425 317 2496 egimus.

582 2596 621 2652 13

319 2721 350 2777 11
377 2721 427 2791 oua·
454 2737 501 2779 222
523 2718 659 2793 publicae
686 2719 827 2778 22221212
825 2721 909 2787 2221
930 2721 1111 2793 2212222222

252 2810 391 2868 tributum
413 2810 664 2882 importuniorem
680 2807 791 2882 popolo
809 2806 842 2866 id
860 2808 1018 2867 liberaliter
1036 2825 1110 2867 com·

251 2900 402 2957 municare
429 2898 593 2965 2222222
571 2901 728 2956 22222222
754 2891 922 2970 pneumam
947 2898 1111 2957 2222221222

252 3003 313 3046 esse
330 2987 506 3061 parendum.

319 3075 357 3134 A.
399 3076 441 3133 At
469 3076 548 3134 enim
576 3076 628 3150 qui
656 3077 795 3134 22222212
821 3094 888 3134 eum
916 3074 969 3150 qui
990 3080 1112 3151 praeest

252 3165 295 3224 rei
313 3165 459 3241 publicae,
477 3164 655 3240 ubicumque
673 3162 805 3222 subsidia
819 3167 872 3223 222
891 3164 1003 3222 auxilio
1021 3183 1039 3223 2
1058 3185 1111 3241 po·

253 3255 324 3330 pulo
342 3258 442 3331 petere
461 3254 536 3327 vult,
559 3255 586 3311 21
605 3253 791 3312 voluntatem
814 3271 898 3312 suum
921 3252 1111 3332 significare?

254 3362 323 3422 ergo
346 3362 407 3402 non
431 3347 475 3402 est
497 3343 648 3418 princeps3
671 3361 742 3401 nam
764 3343 790 3401 12
809 3343 862 3418 qui
885 3341 1065 3419 gubernet
1055 3364 1109 3402 22-

253 3451 356 3508 perere
380 3436 458 3492 certe
485 3436 585 3508 potest
613 3450 646 3490 22
675 3435 744 3506 post
731 3432 827 3490 221222
858 3430 1009 3505 debetu
1010 3433 1109 3492 tsibi

248 3520 414 3599 putentur?
