2422 3856
137 132 182 196 44
449 131 484 188 Π,
503 129 842 186 COMMENTATIONES

138 302 256 358 quoque
289 283 448 358 scriptores
478 283 652 358 inquibus
679 284 771 341 etiam
799 280 971 342 Ciceronem
1002 283 1157 359 scripsisse

27 397 30 403 ·
137 375 242 448 postea
261 371 427 448 exposituri
445 371 545 446 simus,
568 371 736 431 Antonium
758 372 885 431 fortasse
904 378 973 431 suas
992 375 1159 432 sententias

137 462 186 520 hic
209 479 276 519 oum
299 461 456 521 sententiis
478 461 601 520 alterius
625 460 811 520 coniunxisse
834 461 1030 521 concedimus.

226 550 293 608 Iam
310 550 431 608 initium
449 550 556 625 capitis
576 552 678 626 quarti
698 551 748 625 18,
765 551 807 609 20
821 567 865 625 sq.
889 541 955 630 (20,
971 551 1012 609 38
1024 569 1067 626 sq.
1083 543 1118 632 S)
1132 570 1159 610 6

140 640 284 716 scriptore
320 638 545 717 Francogallioo
582 639 729 717 originem
766 639 872 698 ducere
911 639 1075 698 verisimile
1112 643 1160 700 est

137 731 260 804 propter
287 745 373 787 voces
401 729 442 786 les
469 731 665 801 ccteotlcqcee
693 730 864 802 6361611113
892 729 922 786 61
949 729 990 786 163
1013 730 1158 803 coemptos

137 819 173 876 dc
194 834 249 876 nos
269 817 364 892 perclo.
411 817 488 875 Tum
509 817 542 875 in
561 816 752 876 offensionem
775 819 909 876 nostram
929 816 1042 876 cadunt
1064 819 1159 880 verba

135 909 234 979 priapi
261 925 280 965 o
303 908 372 966 diac
400 907 452 980 20,
469 907 510 964 14
534 897 602 986 (21,
617 908 658 965 20
679 897 722 986 0).
769 904 866 975 Quare
893 906 1059 966 sententiae
1084 908 1157 967 illae

138 998 335 1071 20,11-16
360 986 626 1076 (21,17-220)
649 995 776 1054 Antonii
798 998 876 1055 sunt.

225 1085 261 1142 In
285 1086 321 1144 iis
340 1087 441 1143 autem
461 1103 537 1160 quae
560 1083 666 1142 deinde
685 1087 850 1160 sequuntur
868 1085 1013 1160 partibus,
1036 1089 1158 1161 praeter

137 1174 273 1232 libellum
292 1177 465 1249 extremum,
486 1191 652 1250 perpaucae
671 1175 836 1232 sententiae
855 1174 1009 1249 scriptoris
1027 1175 1156 1234 Franco-

137 1263 238 1340 gallici
271 1282 334 1323 6336
363 1262 511 1322 1111161111.
557 1262 649 1321 Velut
680 1263 740 1321 ubi
764 1262 800 1320 de
833 1280 904 1320 cura
934 1263 1080 1323 frumenti
1113 1264 1156 1324 lo·

137 1352 249 1427 quitur,
274 1355 325 1426 26,
345 1353 453 1411 6-14
478 1343 971 1433 (23,19-260),’·611661131116
990 1354 1157 1429 scripturae

136 1445 256 1501 sanotae
276 1444 345 1500 ante
365 1441 465 1501 oculos
485 1441 660 1500 obversatus
680 1458 742 1499 esse
765 1439 893 1517 videtur,
918 1441 1156 1517 quoiosephum

137 1531 200 1607 regi
219 1529 437 1607 Aegyptiorum
458 1531 616 1590 eonsilium
639 1529 754 1589 dedisse
776 1532 926 1604 narratur,
948 1533 983 1588 ut
1005 1530 1158 1589 fertilibus

137 1620 224 1698 annis
253 1620 437 1678 frumentum
465 1619 663 1698 colligendum
691 1621 787 1693 curet,
815 1616 920 1678 06163.
939 1620 991 1692 41,
1016 1621 1059 1679 30
1082 1638 1158 1695 sqq,

136 1710 264 1767 maxime
289 1710 329 1767 33
346 1728 390 1783 sq.
432 1707 490 1766 Sed
513 1709 590 1769 solas
613 1709 682 1767 illas
707 1726 781 1784 quas
803 1708 892 1766 modo
915 1709 1157 1769 enumeravimus

137 1800 301 1857 sententias
314 1797 389 1855 inde
408 1797 554 1874 originem
572 1797 679 1856 ducere
697 1797 772 1855 mihi
790 1815 966 1872 persuasum
985 1800 1038 1857 est.
1075 1799 1157 1857 Nam

137 1906 239 1946 earum
263 1888 493 1962 sententiarum,
520 1906 597 1962 quae
619 1887 801 1962 praecedant
824 1888 854 1944 et
882 1905 958 1961 quae
981 1891 1158 1962 sequuntur,

137 1979 242 2036 auctor
264 1976 370 2034 Tullus
393 1975 543 2036 laudatur.
589 1975 748 2034 Praeterea
769 1976 802 2032 in
825 1977 924 2050 capite
948 1977 1075 2051 septimo
1102 1976 1156 2034 ali·

138 2065 211 2140 quid
226 2065 396 2125 offensionis
411 2064 510 2139 habet,
529 2064 610 2141 quod
624 2067 727 2123 auctor
740 2064 876 2139 loquitur
891 2065 972 2139 30,4
987 2055 1055 2145 (24,
1066 2067 1108 2124 32
1117 2057 1157 2144 0)

138 2154 173 2213 de
192 2155 332 2214 ecclesiis.
366 2153 424 2212 Sed
442 2158 477 2212 ut
491 2155 657 2212 Antonium
675 2171 763 2229 saepe
782 2153 903 2231 singula
915 2153 1007 2213 verba
1024 2156 1157 2213 inserere

137 2262 227 2319 supra
246 2244 443 2319 exposuimus,
467 2242 577 2316 1161116
595 2243 734 2322 ecclesiae
754 2245 784 2300 et
802 2241 913 2300 similia
932 2261 1008 2316 quae
1027 2235 1174 2318 sequun-¹

136 2336 186 2392 tur
210 2333 247 2391 ab
272 2351 307 2392 eo
334 2351 402 2390 mea
430 2331 550 2406 quidem
573 2332 721 2390 sententia
747 2331 925 2406 interposita
952 2334 1035 2407 sunt,
1064 2335 1158 2408 atque

137 2424 302 2481 sententiae
330 2421 401 2479 inde
419 2440 446 2479 a
471 2422 556 2495 30,3
577 2439 671 2502 usque
699 2420 737 2478 ad
761 2420 868 2494 30,15
897 2421 959 2478 fere
984 2413 1051 2501 (24,
1067 2423 1158 2480 32-

138 2512 190 2586 25,
205 2514 222 2568 2
240 2503 274 2592 0)
303 2511 331 2569 61
357 2512 418 2576 3111
447 2510 635 2583 tribuendae,
663 2528 731 2568 cum
760 2528 795 2567 66
822 2527 905 2586 pars,
936 2528 1012 2586 quae
1044 2511 1156 2588 30,15

138 2593 238 2679 (25,2
260 2599 294 2680 0)
327 2600 527 2675 subsequitur,
558 2599 665 2658 similis
697 2598 737 2658 sit
768 2599 920 2658 doctrinae
953 2599 1157 2674 antiquorum,

137 2689 217 2764 quod
239 2689 320 2747 infra
342 2709 370 2764 p.
387 2691 427 2748 62
447 2688 644 2747 ostendemus.
685 2687 763 2745 Item
788 2688 872 2760 34,6
894 2679 1068 2768 (20110)
1093 2688 1157 2746 An-

136 2777 290 2837 1611113116
310 2796 363 2836 sua
382 2777 565 2853 experientia
588 2781 618 2836 et
637 2777 673 2835 de
695 2776 780 2836 libris
804 2776 912 2852 quibus
934 2775 998 2852 ipse
1021 2795 1096 2836 usus
1116 2781 1160 2838 sit

136 2866 220 2941 loqui
237 2867 364 2926 videtur.
401 2866 537 2942 Denique
561 2869 708 2925 extremus
731 2865 850 2924 libellus
875 2865 926 2938 36,
943 2869 981 2924 11
998 2884 1063 2943 sqq.
1088 2858 1158 2948 (27,

138 2959 235 3031 2sqq.
251 2950 286 3036 0)
315 2958 393 3014 certe
420 2955 547 3014 Antonii
579 2958 637 3029 est,
669 2957 722 3031 qui
753 2954 855 3013 omnia
881 2953 984 3029 paucis
1012 2955 1064 3015 sed
1092 2956 1157 3016 suis

136 3044 235 3103 verbis
259 3039 475 3119 complectitur.

225 3133 410 3211 Nequeego
438 3133 511 3192 alibi
533 3133 701 3192 Antonium
723 3134 835 3209 passim
863 3150 960 3209 pauca
987 3133 1080 3192 verba
1104 3133 1157 3194 ad·

136 3222 246 3281 didisse
268 3241 352 3300 nego,
376 3221 429 3281 sed
452 3242 495 3298 ea,
524 3242 599 3298 quae
622 3222 746 3283 minoris
769 3224 912 3281 momenti
935 3224 1004 3298 sint,
1031 3223 1156 3282 interim

135 3312 337 3389 neglegamus.
382 3312 445 3371 llae
468 3331 539 3371 vero
562 3314 686 3387 partes„
700 3329 776 3387 quae
799 3312 927 3371 sublatis
955 3312 1093 3372 omnibus
1118 3312 1158 3372 iis

136 3401 291 3460 sententiis
329 3419 404 3477 quas
442 3401 681 3460 enumeravimus
721 3400 943 3482 relinquuntur,
985 3402 1157 3463 accuratius

128 3488 221 3547 nobis
242 3491 315 3548 sunt
337 3490 521 3550 tractandae.
