<?xml version="1.0" encoding="UTF-8"?>
<!DOCTYPE html PUBLIC "-//W3C//DTD XHTML 1.0 Transitional//EN"
    "http://www.w3.org/TR/xhtml1/DTD/xhtml1-transitional.dtd">
<html xmlns="http://www.w3.org/1999/xhtml" xml:lang="en" lang="en">
 <head>
  <title>
</title>
<meta http-equiv="Content-Type" content="text/html;charset=utf-8" />
  <meta name='ocr-system' content='tesseract 3.04.00' />
  <meta name='ocr-capabilities' content='ocr_page ocr_carea ocr_par ocr_line ocrx_word'/>
</head>
<body>
  <div class='ocr_page' id='page_1' title='image "./devirtutibuslib01salegoog_0087.png"; bbox 0 0 2422 3856; ppageno 0'>
   <div class='ocr_carea' id='block_1_1' title="bbox 97 145 809 211">
    <p class='ocr_par' dir='ltr' id='par_1_1' title="bbox 97 145 809 211">
     <span class='ocr_line' id='line_1_1' title="bbox 97 145 809 211; baseline -0.014 0"><span class='ocrx_word' id='word_1_1' title='bbox 97 146 138 211; x_wconf 82' lang='grc'>76</span> <span class='ocrx_word' id='word_1_2' title='bbox 418 148 452 204; x_wconf 89' lang='lat'>11.</span> <span class='ocrx_word' id='word_1_3' title='bbox 472 145 809 204; x_wconf 81' lang='lat' dir='ltr'><strong>COMMENTATIONES</strong></span> 
     </span>
    </p>
   </div>
   <div class='ocr_carea' id='block_1_2' title="bbox 90 298 1117 3318">
    <p class='ocr_par' dir='ltr' id='par_1_2' title="bbox 92 298 1117 1605">
     <span class='ocr_line' id='line_1_2' title="bbox 94 298 1116 376; baseline 0.004 -20"><span class='ocrx_word' id='word_1_4' title='bbox 94 301 145 357; x_wconf 88' lang='lat' dir='ltr'>tur</span> <span class='ocrx_word' id='word_1_5' title='bbox 171 298 337 360; x_wconf 85' lang='lat' dir='ltr'>Antonium</span> <span class='ocrx_word' id='word_1_6' title='bbox 365 298 514 360; x_wconf 76' lang='lat' dir='ltr'>Ciceronis</span> <span class='ocrx_word' id='word_1_7' title='bbox 545 300 656 360; x_wconf 88' lang='lat' dir='ltr'>librum</span> <span class='ocrx_word' id='word_1_8' title='bbox 688 299 889 376; x_wconf 82' lang='lat' dir='ltr'>exscripsisse,</span> <span class='ocrx_word' id='word_1_9' title='bbox 920 317 987 358; x_wconf 93' lang='lat' dir='ltr'>cum</span> <span class='ocrx_word' id='word_1_10' title='bbox 1014 300 1116 361; x_wconf 86' lang='lat' dir='ltr'>verbis</span> 
     </span>
     <span class='ocr_line' id='line_1_3' title="bbox 95 387 1115 466; baseline 0.003 -21"><span class='ocrx_word' id='word_1_11' title='bbox 95 387 330 466; x_wconf 78' lang='lat' dir='ltr'>Francogallicis</span> <span class='ocrx_word' id='word_1_12' title='bbox 347 389 395 449; x_wconf 87' lang='lat' dir='ltr'>vel</span> <span class='ocrx_word' id='word_1_13' title='bbox 414 393 551 449; x_wconf 88' lang='lat' dir='ltr'>accurate</span> <span class='ocrx_word' id='word_1_14' title='bbox 570 389 721 451; x_wconf 84' lang='lat' dir='ltr'>conversis</span> <span class='ocrx_word' id='word_1_15' title='bbox 739 388 890 448; x_wconf 90' lang='lat' dir='ltr'>interdum</span> <span class='ocrx_word' id='word_1_16' title='bbox 909 388 998 448; x_wconf 89' lang='lat' dir='ltr'>facile</span> <span class='ocrx_word' id='word_1_17' title='bbox 1017 388 1115 464; x_wconf 92' lang='lat' dir='ltr'>perio-</span> 
     </span>
     <span class='ocr_line' id='line_1_4' title="bbox 96 476 1116 556; baseline 0.003 -21"><span class='ocrx_word' id='word_1_18' title='bbox 96 476 150 536; x_wconf 89' lang='lat' dir='ltr'>dus</span> <span class='ocrx_word' id='word_1_19' title='bbox 179 496 254 553; x_wconf 88' lang='lat' dir='ltr'>quae</span> <span class='ocrx_word' id='word_1_20' title='bbox 282 481 407 537; x_wconf 90' lang='lat' dir='ltr'>vocatur</span> <span class='ocrx_word' id='word_1_21' title='bbox 433 479 530 540; x_wconf 87' lang='lat' dir='ltr'>latina</span> <span class='ocrx_word' id='word_1_22' title='bbox 557 479 619 539; x_wconf 89' lang='lat' dir='ltr'>fiat.</span> <span class='ocrx_word' id='word_1_23' title='bbox 665 479 721 538; x_wconf 79' lang='lat' dir='ltr'>Est</span> <span class='ocrx_word' id='word_1_24' title='bbox 746 478 841 556; x_wconf 87' lang='lat' dir='ltr'>igitur</span> <span class='ocrx_word' id='word_1_25' title='bbox 867 477 965 536; x_wconf 89' lang='lat' dir='ltr'>solum</span> <span class='ocrx_word' id='word_1_26' title='bbox 988 481 1116 539; x_wconf 85' lang='lat' dir='ltr'>conatus</span> 
     </span>
     <span class='ocr_line' id='line_1_5' title="bbox 93 567 1116 646; baseline 0.003 -23"><span class='ocrx_word' id='word_1_27' title='bbox 93 568 203 634; x_wconf 84' lang='lat' dir='ltr'>instar,</span> <span class='ocrx_word' id='word_1_28' title='bbox 228 567 309 642; x_wconf 94' lang='lat' dir='ltr'>quod</span> <span class='ocrx_word' id='word_1_29' title='bbox 329 567 498 646; x_wconf 86' lang='lat' dir='ltr'>fragmenta</span> <span class='ocrx_word' id='word_1_30' title='bbox 519 569 575 628; x_wconf 87' lang='lat' dir='ltr'>illa</span> <span class='ocrx_word' id='word_1_31' title='bbox 593 567 732 628; x_wconf 86' lang='lat' dir='ltr'>converti.</span> <span class='ocrx_word' id='word_1_32' title='bbox 769 567 811 625; x_wconf 83' lang='lat' dir='ltr'>Et</span> <span class='ocrx_word' id='word_1_33' title='bbox 833 585 1016 642; x_wconf 87' lang='lat' dir='ltr'>quamquam</span> <span class='ocrx_word' id='word_1_34' title='bbox 1038 568 1116 626; x_wconf 88' lang='lat' dir='ltr'>mihi</span> 
     </span>
     <span class='ocr_line' id='line_1_6' title="bbox 95 654 1115 734; baseline 0.001 -21"><span class='ocrx_word' id='word_1_35' title='bbox 95 655 257 714; x_wconf 84' lang='lat' dir='ltr'>verendum</span> <span class='ocrx_word' id='word_1_36' title='bbox 281 658 352 731; x_wconf 89' lang='lat' dir='ltr'>erit,</span> <span class='ocrx_word' id='word_1_37' title='bbox 374 676 411 716; x_wconf 86' lang='lat' dir='ltr'>ne</span> <span class='ocrx_word' id='word_1_38' title='bbox 434 659 568 734; x_wconf 85' lang='lat' dir='ltr'>graviter</span> <span class='ocrx_word' id='word_1_39' title='bbox 589 659 755 732; x_wconf 85' lang='lat' dir='ltr'>vituperer,</span> <span class='ocrx_word' id='word_1_40' title='bbox 778 654 858 732; x_wconf 91' lang='lat' dir='ltr'>quod</span> <span class='ocrx_word' id='word_1_41' title='bbox 880 674 966 717; x_wconf 89' lang='lat' dir='ltr'>voees</span> <span class='ocrx_word' id='word_1_42' title='bbox 989 655 1029 715; x_wconf 90' lang='lat' dir='ltr'>ab</span> <span class='ocrx_word' id='word_1_43' title='bbox 1051 655 1115 715; x_wconf 86' lang='lat' dir='ltr'>An-</span> 
     </span>
     <span class='ocr_line' id='line_1_7' title="bbox 93 745 1117 824; baseline 0.003 -23"><span class='ocrx_word' id='word_1_44' title='bbox 93 746 178 803; x_wconf 92' lang='lat' dir='ltr'>tonio</span> <span class='ocrx_word' id='word_1_45' title='bbox 195 745 330 820; x_wconf 90' lang='lat' dir='ltr'>prolatas</span> <span class='ocrx_word' id='word_1_46' title='bbox 351 764 412 805; x_wconf 93' lang='lat' dir='ltr'>non</span> <span class='ocrx_word' id='word_1_47' title='bbox 433 748 567 824; x_wconf 86' lang='lat' dir='ltr'>integras</span> <span class='ocrx_word' id='word_1_48' title='bbox 589 747 696 823; x_wconf 85' lang='lat' dir='ltr'>recepi,</span> <span class='ocrx_word' id='word_1_49' title='bbox 718 747 821 804; x_wconf 87' lang='lat' dir='ltr'>tamen</span> <span class='ocrx_word' id='word_1_50' title='bbox 839 745 928 803; x_wconf 86' lang='lat' dir='ltr'>alitor</span> <span class='ocrx_word' id='word_1_51' title='bbox 946 763 1035 822; x_wconf 89' lang='lat' dir='ltr'>agere</span> <span class='ocrx_word' id='word_1_52' title='bbox 1054 764 1117 804; x_wconf 91' lang='lat' dir='ltr'>non</span> 
     </span>
     <span class='ocr_line' id='line_1_8' title="bbox 93 832 1116 912; baseline 0.001 -20"><span class='ocrx_word' id='word_1_53' title='bbox 93 836 237 906; x_wconf 89' lang='lat' dir='ltr'>poteram.</span> <span class='ocrx_word' id='word_1_54' title='bbox 268 834 347 893; x_wconf 89' lang='lat' dir='ltr'>Nam</span> <span class='ocrx_word' id='word_1_55' title='bbox 366 854 467 895; x_wconf 90' lang='lat' dir='ltr'>omnes</span> <span class='ocrx_word' id='word_1_56' title='bbox 485 836 547 894; x_wconf 83' lang='lat' dir='ltr'>fere</span> <span class='ocrx_word' id='word_1_57' title='bbox 564 838 665 912; x_wconf 87' lang='lat' dir='ltr'>partes</span> <span class='ocrx_word' id='word_1_58' title='bbox 679 853 754 911; x_wconf 89' lang='lat' dir='ltr'>quas</span> <span class='ocrx_word' id='word_1_59' title='bbox 772 834 954 893; x_wconf 90' lang='lat' dir='ltr'>Antoniuse</span> <span class='ocrx_word' id='word_1_60' title='bbox 973 832 1116 894; x_wconf 74' lang='lat' dir='ltr'>Cicerone</span> 
     </span>
     <span class='ocr_line' id='line_1_9' title="bbox 94 922 1117 999; baseline 0.001 -18"><span class='ocrx_word' id='word_1_61' title='bbox 94 924 233 997; x_wconf 81' lang='lat' dir='ltr'>sumpsit,</span> <span class='ocrx_word' id='word_1_62' title='bbox 261 927 297 981; x_wconf 91' lang='lat' dir='ltr'>ut</span> <span class='ocrx_word' id='word_1_63' title='bbox 323 924 480 999; x_wconf 85' lang='lat' dir='ltr'>paululum</span> <span class='ocrx_word' id='word_1_64' title='bbox 507 927 641 983; x_wconf 88' lang='lat' dir='ltr'>mutatae</span> <span class='ocrx_word' id='word_1_65' title='bbox 668 925 776 983; x_wconf 89' lang='lat' dir='ltr'>iterum</span> <span class='ocrx_word' id='word_1_66' title='bbox 804 923 854 981; x_wconf 89' lang='lat' dir='ltr'>hic</span> <span class='ocrx_word' id='word_1_67' title='bbox 880 922 924 981; x_wconf 91' lang='lat' dir='ltr'>ibi</span> <span class='ocrx_word' id='word_1_68' title='bbox 951 924 1117 983; x_wconf 84' lang='lat' dir='ltr'>mutandae</span> 
     </span>
     <span class='ocr_line' id='line_1_10' title="bbox 94 1010 1117 1089; baseline 0.003 -20"><span class='ocrx_word' id='word_1_69' title='bbox 94 1013 192 1086; x_wconf 81' lang='lat' dir='ltr'>erant3</span> <span class='ocrx_word' id='word_1_70' title='bbox 225 1031 284 1089; x_wconf 92' lang='lat' dir='ltr'>quo</span> <span class='ocrx_word' id='word_1_71' title='bbox 312 1015 413 1072; x_wconf 91' lang='lat' dir='ltr'>autem</span> <span class='ocrx_word' id='word_1_72' title='bbox 439 1013 528 1073; x_wconf 92' lang='lat' dir='ltr'>modo</span> <span class='ocrx_word' id='word_1_73' title='bbox 555 1014 612 1072; x_wconf 89' lang='lat' dir='ltr'>hoc</span> <span class='ocrx_word' id='word_1_74' title='bbox 638 1010 787 1072; x_wconf 83' lang='lat' dir='ltr'>facerem?</span> <span class='ocrx_word' id='word_1_75' title='bbox 832 1011 988 1088; x_wconf 89' lang='lat' dir='ltr'>Linguane</span> <span class='ocrx_word' id='word_1_76' title='bbox 1016 1013 1117 1072; x_wconf 87' lang='lat' dir='ltr'>latina</span> 
     </span>
     <span class='ocr_line' id='line_1_11' title="bbox 92 1101 1116 1178; baseline 0.001 -19"><span class='ocrx_word' id='word_1_77' title='bbox 92 1119 187 1174; x_wconf 87' lang='lat' dir='ltr'>parva</span> <span class='ocrx_word' id='word_1_78' title='bbox 205 1101 259 1159; x_wconf 87' lang='lat' dir='ltr'>illa</span> <span class='ocrx_word' id='word_1_79' title='bbox 278 1101 416 1160; x_wconf 82' lang='lat' dir='ltr'>adderem</span> <span class='ocrx_word' id='word_1_80' title='bbox 433 1104 593 1162; x_wconf 88' lang='lat' dir='ltr'>insererem</span> <span class='ocrx_word' id='word_1_81' title='bbox 612 1102 768 1176; x_wconf 90' lang='lat' dir='ltr'>demerem,</span> <span class='ocrx_word' id='word_1_82' title='bbox 787 1119 827 1160; x_wconf 92' lang='lat' dir='ltr'>an</span> <span class='ocrx_word' id='word_1_83' title='bbox 844 1101 965 1178; x_wconf 83' lang='lat' dir='ltr'>linguae</span> <span class='ocrx_word' id='word_1_84' title='bbox 983 1101 1116 1160; x_wconf 83' lang='lat' dir='ltr'>Franco-</span> 
     </span>
     <span class='ocr_line' id='line_1_12' title="bbox 94 1189 1116 1267; baseline 0.003 -21"><span class='ocrx_word' id='word_1_85' title='bbox 94 1189 219 1264; x_wconf 87' lang='lat' dir='ltr'>galh&#39;cae</span> <span class='ocrx_word' id='word_1_86' title='bbox 242 1209 278 1249; x_wconf 87' lang='lat' dir='ltr'>ea</span> <span class='ocrx_word' id='word_1_87' title='bbox 300 1191 428 1250; x_wconf 83' lang='lat' dir='ltr'>dialecto</span> <span class='ocrx_word' id='word_1_88' title='bbox 452 1210 512 1267; x_wconf 90' lang='lat' dir='ltr'>qna</span> <span class='ocrx_word' id='word_1_89' title='bbox 534 1210 605 1252; x_wconf 90' lang='lat' dir='ltr'>usus</span> <span class='ocrx_word' id='word_1_90' title='bbox 628 1194 674 1250; x_wconf 87' lang='lat' dir='ltr'>est</span> <span class='ocrx_word' id='word_1_91' title='bbox 695 1189 866 1250; x_wconf 72' lang='lat' dir='ltr'>Antonius?</span> <span class='ocrx_word' id='word_1_92' title='bbox 902 1189 994 1250; x_wconf 86' lang='lat' dir='ltr'>Vides</span> <span class='ocrx_word' id='word_1_93' title='bbox 1023 1210 1116 1266; x_wconf 89' lang='lat' dir='ltr'>quam</span> 
     </span>
     <span class='ocr_line' id='line_1_13' title="bbox 93 1278 1115 1357; baseline 0.002 -21"><span class='ocrx_word' id='word_1_94' title='bbox 93 1279 231 1354; x_wconf 89' lang='lat' dir='ltr'>ineptum</span> <span class='ocrx_word' id='word_1_95' title='bbox 251 1282 411 1357; x_wconf 89' lang='lat' dir='ltr'>utrumque</span> <span class='ocrx_word' id='word_1_96' title='bbox 430 1282 478 1340; x_wconf 86' lang='lat' dir='ltr'>sit.</span> <span class='ocrx_word' id='word_1_97' title='bbox 516 1279 653 1340; x_wconf 87' lang='lat' dir='ltr'>Ceterum</span> <span class='ocrx_word' id='word_1_98' title='bbox 670 1279 849 1355; x_wconf 88' lang='lat' dir='ltr'>quicumque</span> <span class='ocrx_word' id='word_1_99' title='bbox 867 1278 946 1337; x_wconf 90' lang='lat' dir='ltr'>hunc</span> <span class='ocrx_word' id='word_1_100' title='bbox 963 1278 1115 1357; x_wconf 83' lang='lat' dir='ltr'>fragmen-</span> 
     </span>
     <span class='ocr_line' id='line_1_14' title="bbox 93 1368 1116 1445; baseline 0.002 -20"><span class='ocrx_word' id='word_1_101' title='bbox 93 1369 192 1425; x_wconf 81' lang='lat' dir='ltr'>torum</span> <span class='ocrx_word' id='word_1_102' title='bbox 205 1368 439 1445; x_wconf 89' lang='lat' dir='ltr'>eolligendorum</span> <span class='ocrx_word' id='word_1_103' title='bbox 453 1369 574 1430; x_wconf 90' lang='lat' dir='ltr'>modum</span> <span class='ocrx_word' id='word_1_104' title='bbox 587 1369 711 1445; x_wconf 90' lang='lat' dir='ltr'>respuit,</span> <span class='ocrx_word' id='word_1_105' title='bbox 724 1369 869 1444; x_wconf 87' lang='lat' dir='ltr'>inspicere</span> <span class='ocrx_word' id='word_1_106' title='bbox 882 1370 983 1444; x_wconf 90' lang='lat' dir='ltr'>potest</span> <span class='ocrx_word' id='word_1_107' title='bbox 996 1385 1116 1445; x_wconf 90' lang='lat' dir='ltr'>semper</span> 
     </span>
     <span class='ocr_line' id='line_1_15' title="bbox 93 1456 1114 1535; baseline 0.003 -21"><span class='ocrx_word' id='word_1_108' title='bbox 93 1456 220 1515; x_wconf 82' lang='lat' dir='ltr'>Antonii</span> <span class='ocrx_word' id='word_1_109' title='bbox 242 1458 338 1532; x_wconf 92' lang='lat' dir='ltr'>ipsius</span> <span class='ocrx_word' id='word_1_110' title='bbox 360 1458 481 1533; x_wconf 91' lang='lat' dir='ltr'>librum,</span> <span class='ocrx_word' id='word_1_111' title='bbox 504 1461 587 1519; x_wconf 89' lang='lat' dir='ltr'>ouius</span> <span class='ocrx_word' id='word_1_112' title='bbox 610 1477 765 1518; x_wconf 91' lang='lat' dir='ltr'>numerum</span> <span class='ocrx_word' id='word_1_113' title='bbox 789 1457 915 1535; x_wconf 87' lang='lat' dir='ltr'>singulis</span> <span class='ocrx_word' id='word_1_114' title='bbox 934 1456 1114 1535; x_wconf 77' lang='lat' dir='ltr'>fragmentis</span> 
     </span>
     <span class='ocr_line' id='line_1_16' title="bbox 93 1544 269 1605; baseline 0 -2"><span class='ocrx_word' id='word_1_115' title='bbox 93 1544 269 1605; x_wconf 77' lang='lat' dir='ltr'>addidimus.</span> 
     </span>
    </p>

    <p class='ocr_par' dir='ltr' id='par_1_3' title="bbox 90 1634 1115 3318">
     <span class='ocr_line' id='line_1_17' title="bbox 184 1634 1114 1714; baseline 0.002 -22"><span class='ocrx_word' id='word_1_116' title='bbox 184 1634 220 1692; x_wconf 92' lang='lat' dir='ltr'>In</span> <span class='ocrx_word' id='word_1_117' title='bbox 249 1636 426 1714; x_wconf 73' lang='lat' dir='ltr'>fragmentis</span> <span class='ocrx_word' id='word_1_118' title='bbox 455 1640 555 1696; x_wconf 86' lang='lat' dir='ltr'>autem</span> <span class='ocrx_word' id='word_1_119' title='bbox 585 1657 620 1696; x_wconf 85' lang='lat' dir='ltr'>ex</span> <span class='ocrx_word' id='word_1_120' title='bbox 647 1636 779 1694; x_wconf 89' lang='lat' dir='ltr'>Antonio</span> <span class='ocrx_word' id='word_1_121' title='bbox 809 1634 999 1712; x_wconf 86' lang='lat' dir='ltr'>colligendis,</span> <span class='ocrx_word' id='word_1_122' title='bbox 1030 1638 1114 1711; x_wconf 91' lang='lat' dir='ltr'>post·</span> 
     </span>
     <span class='ocr_line' id='line_1_18' title="bbox 97 1723 1114 1803; baseline 0.004 -23"><span class='ocrx_word' id='word_1_123' title='bbox 97 1741 189 1799; x_wconf 92' lang='lat' dir='ltr'>quam</span> <span class='ocrx_word' id='word_1_124' title='bbox 212 1742 260 1798; x_wconf 90' lang='lat' dir='ltr'>ea,</span> <span class='ocrx_word' id='word_1_125' title='bbox 288 1743 365 1800; x_wconf 89' lang='lat' dir='ltr'>quae</span> <span class='ocrx_word' id='word_1_126' title='bbox 393 1730 471 1785; x_wconf 87' lang='lat' dir='ltr'>certe</span> <span class='ocrx_word' id='word_1_127' title='bbox 495 1726 648 1802; x_wconf 88' lang='lat' dir='ltr'>scriptoris</span> <span class='ocrx_word' id='word_1_128' title='bbox 672 1723 891 1802; x_wconf 83' lang='lat' dir='ltr'>Francogallici</span> <span class='ocrx_word' id='word_1_129' title='bbox 917 1741 981 1782; x_wconf 89' lang='lat' dir='ltr'>esse</span> <span class='ocrx_word' id='word_1_130' title='bbox 1005 1743 1114 1803; x_wconf 91' lang='lat' dir='ltr'>cogno·</span> 
     </span>
     <span class='ocr_line' id='line_1_19' title="bbox 94 1815 1115 1891; baseline 0.002 -21"><span class='ocrx_word' id='word_1_131' title='bbox 94 1830 241 1886; x_wconf 83' lang='lat' dir='ltr'>varamus,</span> <span class='ocrx_word' id='word_1_132' title='bbox 260 1832 351 1889; x_wconf 89' lang='lat' dir='ltr'>supra</span> <span class='ocrx_word' id='word_1_133' title='bbox 369 1835 398 1890; x_wconf 92' lang='lat' dir='ltr'>p.</span> <span class='ocrx_word' id='word_1_134' title='bbox 414 1817 527 1891; x_wconf 76' lang='lat' dir='ltr'>llsqq.</span> <span class='ocrx_word' id='word_1_135' title='bbox 542 1815 724 1888; x_wconf 88' lang='lat' dir='ltr'>sustulimus,</span> <span class='ocrx_word' id='word_1_136' title='bbox 742 1832 801 1872; x_wconf 92' lang='lat' dir='ltr'>non</span> <span class='ocrx_word' id='word_1_137' title='bbox 820 1831 917 1888; x_wconf 88' lang='lat' dir='ltr'>pauca</span> <span class='ocrx_word' id='word_1_138' title='bbox 934 1816 1014 1887; x_wconf 91' lang='lat' dir='ltr'>sunt,</span> <span class='ocrx_word' id='word_1_139' title='bbox 1037 1833 1115 1889; x_wconf 90' lang='lat' dir='ltr'>quae</span> 
     </span>
     <span class='ocr_line' id='line_1_20' title="bbox 95 1900 1114 1980; baseline 0.002 -22"><span class='ocrx_word' id='word_1_140' title='bbox 95 1905 196 1959; x_wconf 86' lang='lat' dir='ltr'>utrum</span> <span class='ocrx_word' id='word_1_141' title='bbox 221 1900 371 1962; x_wconf 77' lang='lat' dir='ltr'>Ciceronis</span> <span class='ocrx_word' id='word_1_142' title='bbox 398 1906 460 1963; x_wconf 89' lang='lat' dir='ltr'>sint</span> <span class='ocrx_word' id='word_1_143' title='bbox 487 1923 592 1980; x_wconf 89' lang='lat' dir='ltr'>necne,</span> <span class='ocrx_word' id='word_1_144' title='bbox 620 1903 752 1962; x_wconf 85' lang='lat' dir='ltr'>dubitari</span> <span class='ocrx_word' id='word_1_145' title='bbox 781 1904 893 1978; x_wconf 90' lang='lat' dir='ltr'>potest,</span> <span class='ocrx_word' id='word_1_146' title='bbox 921 1902 1068 1961; x_wconf 87' lang='lat' dir='ltr'>nonnulla</span> <span class='ocrx_word' id='word_1_147' title='bbox 1096 1921 1114 1960; x_wconf 85' lang='lat' dir='ltr'>a</span> 
     </span>
     <span class='ocr_line' id='line_1_21' title="bbox 92 1991 1112 2071; baseline 0 -21"><span class='ocrx_word' id='word_1_148' title='bbox 92 1992 237 2066; x_wconf 88' lang='lat' dir='ltr'>scriptore</span> <span class='ocrx_word' id='word_1_149' title='bbox 260 1991 394 2053; x_wconf 86' lang='lat' dir='ltr'>Romano</span> <span class='ocrx_word' id='word_1_150' title='bbox 419 1994 565 2071; x_wconf 83' lang='lat' dir='ltr'>originem</span> <span class='ocrx_word' id='word_1_151' title='bbox 588 1993 694 2051; x_wconf 91' lang='lat' dir='ltr'>ducere</span> <span class='ocrx_word' id='word_1_152' title='bbox 717 1991 878 2050; x_wconf 87' lang='lat' dir='ltr'>verisimile</span> <span class='ocrx_word' id='word_1_153' title='bbox 901 1993 959 2063; x_wconf 89' lang='lat' dir='ltr'>est,</span> <span class='ocrx_word' id='word_1_154' title='bbox 987 1991 1040 2051; x_wconf 89' lang='lat' dir='ltr'>sed</span> <span class='ocrx_word' id='word_1_155' title='bbox 1064 1991 1112 2050; x_wconf 90' lang='lat' dir='ltr'>de·</span> 
     </span>
     <span class='ocr_line' id='line_1_22' title="bbox 92 2073 1112 2159; baseline 0.002 -22"><span class='ocrx_word' id='word_1_156' title='bbox 92 2081 253 2139; x_wconf 89' lang='lat' dir='ltr'>monstrari</span> <span class='ocrx_word' id='word_1_157' title='bbox 274 2101 335 2141; x_wconf 90' lang='lat' dir='ltr'>non</span> <span class='ocrx_word' id='word_1_158' title='bbox 358 2084 466 2158; x_wconf 86' lang='lat' dir='ltr'>potest.</span> <span class='ocrx_word' id='word_1_159' title='bbox 510 2081 618 2158; x_wconf 87' lang='lat' dir='ltr'>Itaque</span> <span class='ocrx_word' id='word_1_160' title='bbox 645 2084 786 2157; x_wconf 86' lang='lat' dir='ltr'>typorum</span> <span class='ocrx_word' id='word_1_161' title='bbox 810 2097 916 2156; x_wconf 88' lang='lat' dir='ltr'>genere</span> <span class='ocrx_word' id='word_1_162' title='bbox 944 2079 1003 2139; x_wconf 95' lang='lat' dir='ltr'>duo</span> <span class='ocrx_word' id='word_1_163' title='bbox 1030 2073 1112 2159; x_wconf 84' lang='lat' dir='ltr'>frag·</span> 
     </span>
     <span class='ocr_line' id='line_1_23' title="bbox 92 2168 1112 2248; baseline 0.002 -22"><span class='ocrx_word' id='word_1_164' title='bbox 92 2171 260 2228; x_wconf 91' lang='lat' dir='ltr'>mentorum</span> <span class='ocrx_word' id='word_1_165' title='bbox 287 2189 397 2248; x_wconf 83' lang='lat' dir='ltr'>genera</span> <span class='ocrx_word' id='word_1_166' title='bbox 427 2174 472 2230; x_wconf 89' lang='lat' dir='ltr'>ita</span> <span class='ocrx_word' id='word_1_167' title='bbox 499 2171 635 2244; x_wconf 82' lang='lat' dir='ltr'>distinxi,</span> <span class='ocrx_word' id='word_1_168' title='bbox 667 2174 701 2230; x_wconf 90' lang='lat' dir='ltr'>ut</span> <span class='ocrx_word' id='word_1_169' title='bbox 728 2170 815 2228; x_wconf 86' lang='lat' dir='ltr'>rectis</span> <span class='ocrx_word' id='word_1_170' title='bbox 843 2168 925 2244; x_wconf 85' lang='lat' dir='ltr'>typis</span> <span class='ocrx_word' id='word_1_171' title='bbox 953 2187 1002 2244; x_wconf 88' lang='lat' dir='ltr'>ea,</span> <span class='ocrx_word' id='word_1_172' title='bbox 1035 2187 1112 2245; x_wconf 85' lang='lat' dir='ltr'>quae</span> 
     </span>
     <span class='ocr_line' id='line_1_24' title="bbox 92 2255 1110 2335; baseline 0 -20"><span class='ocrx_word' id='word_1_173' title='bbox 92 2255 243 2317; x_wconf 89' lang='lat' dir='ltr'>Ciceronis</span> <span class='ocrx_word' id='word_1_174' title='bbox 267 2278 329 2319; x_wconf 91' lang='lat' dir='ltr'>esse</span> <span class='ocrx_word' id='word_1_175' title='bbox 352 2261 545 2319; x_wconf 74' lang='lat' dir='ltr'>manifestum</span> <span class='ocrx_word' id='word_1_176' title='bbox 569 2263 622 2334; x_wconf 89' lang='lat' dir='ltr'>est,</span> <span class='ocrx_word' id='word_1_177' title='bbox 644 2258 843 2335; x_wconf 89' lang='lat' dir='ltr'>imprimenda</span> <span class='ocrx_word' id='word_1_178' title='bbox 866 2276 1009 2333; x_wconf 87' lang='lat' dir='ltr'>curarem,</span> <span class='ocrx_word' id='word_1_179' title='bbox 1033 2258 1062 2316; x_wconf 90' lang='lat' dir='ltr'>h.</span> <span class='ocrx_word' id='word_1_180' title='bbox 1087 2276 1110 2315; x_wconf 90' lang='lat' dir='ltr'>e.</span> 
     </span>
     <span class='ocr_line' id='line_1_25' title="bbox 92 2347 1111 2425; baseline 0 -20"><span class='ocrx_word' id='word_1_181' title='bbox 92 2365 193 2406; x_wconf 92' lang='lat' dir='ltr'>omnes</span> <span class='ocrx_word' id='word_1_182' title='bbox 216 2348 298 2407; x_wconf 87' lang='lat' dir='ltr'>locos</span> <span class='ocrx_word' id='word_1_183' title='bbox 321 2367 395 2424; x_wconf 90' lang='lat' dir='ltr'>quos</span> <span class='ocrx_word' id='word_1_184' title='bbox 416 2368 434 2407; x_wconf 88' lang='lat' dir='ltr'>a</span> <span class='ocrx_word' id='word_1_185' title='bbox 454 2348 594 2409; x_wconf 87' lang='lat' dir='ltr'>Cicerone</span> <span class='ocrx_word' id='word_1_186' title='bbox 614 2349 760 2425; x_wconf 90' lang='lat' dir='ltr'>originem</span> <span class='ocrx_word' id='word_1_187' title='bbox 779 2347 885 2405; x_wconf 88' lang='lat' dir='ltr'>ducere</span> <span class='ocrx_word' id='word_1_188' title='bbox 904 2365 940 2404; x_wconf 83' lang='lat' dir='ltr'>ex</span> <span class='ocrx_word' id='word_1_189' title='bbox 961 2348 1010 2424; x_wconf 89' lang='lat' dir='ltr'>iis,</span> <span class='ocrx_word' id='word_1_190' title='bbox 1035 2365 1111 2423; x_wconf 91' lang='lat' dir='ltr'>quae</span> 
     </span>
     <span class='ocr_line' id='line_1_26' title="bbox 92 2435 1110 2513; baseline 0 -19"><span class='ocrx_word' id='word_1_191' title='bbox 92 2436 189 2495; x_wconf 91' lang='lat' dir='ltr'>adhuc</span> <span class='ocrx_word' id='word_1_192' title='bbox 217 2438 417 2513; x_wconf 83' lang='lat' dir='ltr'>exposuimus,</span> <span class='ocrx_word' id='word_1_193' title='bbox 446 2438 660 2498; x_wconf 88' lang='lat' dir='ltr'>conficiendum</span> <span class='ocrx_word' id='word_1_194' title='bbox 688 2441 745 2511; x_wconf 88' lang='lat' dir='ltr'>est,</span> <span class='ocrx_word' id='word_1_195' title='bbox 776 2435 905 2512; x_wconf 90' lang='lat' dir='ltr'>obliquis</span> <span class='ocrx_word' id='word_1_196' title='bbox 929 2454 1000 2495; x_wconf 88' lang='lat' dir='ltr'>vero</span> <span class='ocrx_word' id='word_1_197' title='bbox 1027 2437 1110 2512; x_wconf 87' lang='lat' dir='ltr'>typis</span> 
     </span>
     <span class='ocr_line' id='line_1_27' title="bbox 92 2523 1110 2604; baseline 0.001 -21"><span class='ocrx_word' id='word_1_198' title='bbox 92 2527 122 2583; x_wconf 91' lang='lat' dir='ltr'>et</span> <span class='ocrx_word' id='word_1_199' title='bbox 139 2543 184 2599; x_wconf 89' lang='lat' dir='ltr'>ea,</span> <span class='ocrx_word' id='word_1_200' title='bbox 208 2545 284 2601; x_wconf 88' lang='lat' dir='ltr'>quae</span> <span class='ocrx_word' id='word_1_201' title='bbox 304 2526 453 2592; x_wconf 87' lang='lat' dir='ltr'>Ciceronis</span> <span class='ocrx_word' id='word_1_202' title='bbox 477 2546 540 2587; x_wconf 91' lang='lat' dir='ltr'>esse</span> <span class='ocrx_word' id='word_1_203' title='bbox 558 2526 719 2586; x_wconf 89' lang='lat' dir='ltr'>verisimile</span> <span class='ocrx_word' id='word_1_204' title='bbox 737 2528 791 2604; x_wconf 87' lang='lat' dir='ltr'>est,</span> <span class='ocrx_word' id='word_1_205' title='bbox 815 2529 845 2584; x_wconf 86' lang='lat' dir='ltr'>et</span> <span class='ocrx_word' id='word_1_206' title='bbox 867 2523 1026 2600; x_wconf 91' lang='lat' dir='ltr'>inquibus</span> <span class='ocrx_word' id='word_1_207' title='bbox 1046 2542 1110 2584; x_wconf 90' lang='lat' dir='ltr'>sen·</span> 
     </span>
     <span class='ocr_line' id='line_1_28' title="bbox 91 2613 1109 2691; baseline 0 -19"><span class='ocrx_word' id='word_1_208' title='bbox 91 2617 188 2673; x_wconf 89' lang='lat' dir='ltr'>tentia</span> <span class='ocrx_word' id='word_1_209' title='bbox 212 2613 362 2676; x_wconf 89' lang='lat' dir='ltr'>Ciceronis</span> <span class='ocrx_word' id='word_1_210' title='bbox 386 2619 444 2691; x_wconf 89' lang='lat' dir='ltr'>est,</span> <span class='ocrx_word' id='word_1_211' title='bbox 467 2616 503 2676; x_wconf 85' lang='lat' dir='ltr'>de</span> <span class='ocrx_word' id='word_1_212' title='bbox 526 2616 624 2676; x_wconf 90' lang='lat' dir='ltr'>verbis</span> <span class='ocrx_word' id='word_1_213' title='bbox 647 2619 748 2675; x_wconf 89' lang='lat' dir='ltr'>autem</span> <span class='ocrx_word' id='word_1_214' title='bbox 771 2618 824 2673; x_wconf 85' lang='lat' dir='ltr'>aut</span> <span class='ocrx_word' id='word_1_215' title='bbox 851 2613 888 2673; x_wconf 87' lang='lat' dir='ltr'>de</span> <span class='ocrx_word' id='word_1_216' title='bbox 910 2631 1018 2673; x_wconf 88' lang='lat' dir='ltr'>vocum</span> <span class='ocrx_word' id='word_1_217' title='bbox 1042 2632 1109 2672; x_wconf 92' lang='lat' dir='ltr'>con-</span> 
     </span>
     <span class='ocr_line' id='line_1_29' title="bbox 90 2702 1108 2782; baseline -0.001 -21"><span class='ocrx_word' id='word_1_218' title='bbox 90 2706 175 2763; x_wconf 85' lang='lat' dir='ltr'>textu</span> <span class='ocrx_word' id='word_1_219' title='bbox 202 2704 334 2764; x_wconf 90' lang='lat' dir='ltr'>dubitari</span> <span class='ocrx_word' id='word_1_220' title='bbox 360 2707 473 2782; x_wconf 86' lang='lat' dir='ltr'>potest,</span> <span class='ocrx_word' id='word_1_221' title='bbox 504 2706 588 2766; x_wconf 81' lang='lat' dir='ltr'>velut</span> <span class='ocrx_word' id='word_1_222' title='bbox 614 2706 647 2764; x_wconf 93' lang='lat' dir='ltr'>in</span> <span class='ocrx_word' id='word_1_223' title='bbox 674 2703 895 2764; x_wconf 89' lang='lat' dir='ltr'>definitionibus</span> <span class='ocrx_word' id='word_1_224' title='bbox 923 2702 1108 2780; x_wconf 83' lang='lat' dir='ltr'>singularum</span> 
     </span>
     <span class='ocr_line' id='line_1_30' title="bbox 91 2791 1110 2869; baseline -0.002 -17"><span class='ocrx_word' id='word_1_225' title='bbox 91 2793 245 2852; x_wconf 87' lang='lat' dir='ltr'>virtutum.</span> <span class='ocrx_word' id='word_1_226' title='bbox 292 2794 357 2864; x_wconf 84' lang='lat' dir='ltr'>Qua</span> <span class='ocrx_word' id='word_1_227' title='bbox 384 2795 416 2853; x_wconf 93' lang='lat' dir='ltr'>in</span> <span class='ocrx_word' id='word_1_228' title='bbox 438 2814 471 2854; x_wconf 89' lang='lat' dir='ltr'>re</span> <span class='ocrx_word' id='word_1_229' title='bbox 494 2796 610 2854; x_wconf 88' lang='lat' dir='ltr'>cautior</span> <span class='ocrx_word' id='word_1_230' title='bbox 638 2813 726 2869; x_wconf 88' lang='lat' dir='ltr'>quam</span> <span class='ocrx_word' id='word_1_231' title='bbox 751 2792 892 2851; x_wconf 85' lang='lat' dir='ltr'>audacior</span> <span class='ocrx_word' id='word_1_232' title='bbox 917 2809 980 2850; x_wconf 91' lang='lat' dir='ltr'>esse</span> <span class='ocrx_word' id='word_1_233' title='bbox 1007 2791 1110 2851; x_wconf 91' lang='lat' dir='ltr'>malui.</span> 
     </span>
     <span class='ocr_line' id='line_1_31' title="bbox 91 2879 1110 2961; baseline -0.003 -20"><span class='ocrx_word' id='word_1_234' title='bbox 91 2879 219 2941; x_wconf 90' lang='lat' dir='ltr'>Omnino</span> <span class='ocrx_word' id='word_1_235' title='bbox 252 2886 351 2942; x_wconf 88' lang='lat' dir='ltr'>autem</span> <span class='ocrx_word' id='word_1_236' title='bbox 384 2903 444 2943; x_wconf 92' lang='lat' dir='ltr'>non</span> <span class='ocrx_word' id='word_1_237' title='bbox 475 2901 654 2961; x_wconf 89' lang='lat' dir='ltr'>unaquaque</span> <span class='ocrx_word' id='word_1_238' title='bbox 684 2885 716 2941; x_wconf 93' lang='lat' dir='ltr'>in</span> <span class='ocrx_word' id='word_1_239' title='bbox 745 2901 777 2940; x_wconf 88' lang='lat' dir='ltr'>re</span> <span class='ocrx_word' id='word_1_240' title='bbox 807 2882 895 2940; x_wconf 86' lang='lat' dir='ltr'>certis</span> <span class='ocrx_word' id='word_1_241' title='bbox 926 2882 1110 2958; x_wconf 76' lang='lat' dir='ltr'>argumentis</span> 
     </span>
     <span class='ocr_line' id='line_1_32' title="bbox 91 2969 1110 3048; baseline -0.002 -19"><span class='ocrx_word' id='word_1_242' title='bbox 91 2971 250 3030; x_wconf 86' lang='lat' dir='ltr'>diiudicari</span> <span class='ocrx_word' id='word_1_243' title='bbox 268 2991 363 3048; x_wconf 88' lang='lat' dir='ltr'>posse,</span> <span class='ocrx_word' id='word_1_244' title='bbox 385 2975 487 3032; x_wconf 87' lang='lat' dir='ltr'>utrum</span> <span class='ocrx_word' id='word_1_245' title='bbox 507 2971 656 3032; x_wconf 89' lang='lat' dir='ltr'>Ciceronis</span> <span class='ocrx_word' id='word_1_246' title='bbox 677 2974 717 3031; x_wconf 90' lang='lat' dir='ltr'>sit</span> <span class='ocrx_word' id='word_1_247' title='bbox 735 2989 835 3044; x_wconf 90' lang='lat' dir='ltr'>necne,</span> <span class='ocrx_word' id='word_1_248' title='bbox 857 2987 944 3028; x_wconf 89' lang='lat' dir='ltr'>nemo</span> <span class='ocrx_word' id='word_1_249' title='bbox 969 2970 1014 3028; x_wconf 88' lang='lat' dir='ltr'>est</span> <span class='ocrx_word' id='word_1_250' title='bbox 1037 2969 1110 3047; x_wconf 92' lang='lat' dir='ltr'>quin</span> 
     </span>
     <span class='ocr_line' id='line_1_33' title="bbox 90 3059 1111 3139; baseline -0.002 -21"><span class='ocrx_word' id='word_1_251' title='bbox 90 3060 254 3139; x_wconf 89' lang='lat' dir='ltr'>intellegat.</span> <span class='ocrx_word' id='word_1_252' title='bbox 294 3061 547 3122; x_wconf 90' lang='lat' dir='ltr'>Commentarium</span> <span class='ocrx_word' id='word_1_253' title='bbox 560 3061 686 3138; x_wconf 90' lang='lat' dir='ltr'>denique</span> <span class='ocrx_word' id='word_1_254' title='bbox 701 3060 826 3138; x_wconf 86' lang='lat' dir='ltr'>singulis</span> <span class='ocrx_word' id='word_1_255' title='bbox 841 3059 1016 3136; x_wconf 83' lang='lat' dir='ltr'>fragmentis</span> <span class='ocrx_word' id='word_1_256' title='bbox 1029 3059 1111 3117; x_wconf 78' lang='lat' dir='ltr'>infra</span> 
     </span>
     <span class='ocr_line' id='line_1_34' title="bbox 90 3147 1109 3229; baseline -0.001 -22"><span class='ocrx_word' id='word_1_257' title='bbox 90 3168 217 3224; x_wconf 90' lang='lat' dir='ltr'>parvum</span> <span class='ocrx_word' id='word_1_258' title='bbox 241 3151 351 3229; x_wconf 81' lang='lat' dir='ltr'>adieci3</span> <span class='ocrx_word' id='word_1_259' title='bbox 378 3152 410 3210; x_wconf 93' lang='lat' dir='ltr'>in</span> <span class='ocrx_word' id='word_1_260' title='bbox 434 3171 493 3228; x_wconf 91' lang='lat' dir='ltr'>quo</span> <span class='ocrx_word' id='word_1_261' title='bbox 523 3153 595 3228; x_wconf 89' lang='lat' dir='ltr'>quin</span> <span class='ocrx_word' id='word_1_262' title='bbox 623 3168 710 3226; x_wconf 89' lang='lat' dir='ltr'>saepe</span> <span class='ocrx_word' id='word_1_263' title='bbox 737 3149 877 3208; x_wconf 89' lang='lat' dir='ltr'>lectorem</span> <span class='ocrx_word' id='word_1_264' title='bbox 906 3147 944 3206; x_wconf 83' lang='lat' dir='ltr'>ad</span> <span class='ocrx_word' id='word_1_265' title='bbox 967 3166 1003 3207; x_wconf 90' lang='lat' dir='ltr'>ea</span> <span class='ocrx_word' id='word_1_266' title='bbox 1025 3166 1109 3208; x_wconf 87' lang='lat' dir='ltr'>revo-</span> 
     </span>
     <span class='ocr_line' id='line_1_35' title="bbox 90 3237 1108 3318; baseline -0.002 -21"><span class='ocrx_word' id='word_1_267' title='bbox 90 3256 202 3312; x_wconf 88' lang='lat' dir='ltr'>carem,</span> <span class='ocrx_word' id='word_1_268' title='bbox 231 3259 305 3314; x_wconf 87' lang='lat' dir='ltr'>quae</span> <span class='ocrx_word' id='word_1_269' title='bbox 328 3243 390 3301; x_wconf 85' lang='lat' dir='ltr'>iam</span> <span class='ocrx_word' id='word_1_270' title='bbox 413 3259 504 3318; x_wconf 86' lang='lat' dir='ltr'>supra</span> <span class='ocrx_word' id='word_1_271' title='bbox 525 3241 734 3314; x_wconf 86' lang='lat' dir='ltr'>tractavimus,</span> <span class='ocrx_word' id='word_1_272' title='bbox 761 3237 906 3314; x_wconf 91' lang='lat' dir='ltr'>impedire</span> <span class='ocrx_word' id='word_1_273' title='bbox 929 3255 990 3296; x_wconf 91' lang='lat' dir='ltr'>non</span> <span class='ocrx_word' id='word_1_274' title='bbox 1013 3239 1108 3312; x_wconf 91' lang='lat' dir='ltr'>potui.</span> 
     </span>
    </p>
   </div>
   <div class='ocr_carea' id='block_1_3' title="bbox 490 3469 704 3478">
    <p class='ocr_par' dir='ltr' id='par_1_4' title="bbox 490 3469 704 3478">
     <span class='ocr_line' id='line_1_36' title="bbox 490 3469 704 3478; baseline -0.009 -1"><span class='ocrx_word' id='word_1_275' title='bbox 490 3469 704 3478; x_wconf 76' lang='lat'><em>...—</em></span> 
     </span>
    </p>
   </div>
   <div class='ocr_carea' id='block_1_4' title="bbox 0 0 1216 3856">
    <p class='ocr_par' dir='ltr' id='par_1_5' title="bbox 0 0 1216 3856">
     <span class='ocr_line' id='line_1_37' title="bbox 0 0 1216 3856; baseline 0 1"><span class='ocrx_word' id='word_1_276' title='bbox 0 0 1216 3856; x_wconf 95' lang='lat' dir='ltr'> </span> 
     </span>
    </p>
   </div>
  </div>
 </body>
</html>
