2422 3856
281 131 306 181 2.
332 125 381 179 nn
400 125 556 182 ANTONII
573 125 849 181 ADDITAMENTIS
1033 127 1077 191 43

55 295 136 353 quae
159 279 190 350 4,
205 278 324 352 27-6,
339 278 381 335 24
406 268 474 358 (16,
490 277 598 336 9-34
623 269 658 357 8)
681 278 830 354 legrmtur.
876 277 959 337 Haeo
982 280 1076 339 Anto·

55 365 124 425 nius
146 365 212 441 ipse
234 366 298 426 sine
321 365 411 425 dubio
430 365 523 442 addit,
548 367 629 441 quod
650 366 871 448 demonstratur
888 367 987 427 verbis
1012 368 1041 441 6,
1059 370 1075 425 7

55 448 125 536 (16,
136 458 178 516 20
189 448 238 537 S):
260 455 345 515 Mais
357 473 438 529 pour
454 457 570 515 reoeoir
584 474 604 515 a
617 473 686 514 11
693 473 812 529 propos.
849 456 981 532 Aeoedit,
996 456 1076 531 quod

55 545 222 604 christiana
239 544 411 605 laudantur.
444 542 638 621 ‘Quamquam
662 544 881 604 eoncedendum
904 549 958 620 est,
981 563 1077 622 panea

55 634 184 693 fortasse
201 633 305 709 inesse,
324 652 401 709 quae
415 635 524 693 veteris
544 635 674 693 auotorIs
688 634 757 692 sint.
799 633 844 693 De
863 632 992 694 Senecae
1011 636 1076 694 loeo

53 722 100 781 ibi
121 722 245 782 laudato
268 723 400 799 itemque
419 722 455 783 de
473 723 609 783 Politiois
628 716 839 804 (Pollitioqoes)
865 724 955 783 abeo
976 723 1077 783 allatis

54 813 138 872 infra
156 813 198 891 (p.
215 813 256 871 64
266 804 324 893 sq.)
347 811 433 871 nobis
453 812 509 872 erit
527 811 692 871 dicendum.
729 812 844 882 Quodsi
862 816 965 871 autem
990 815 1018 887 6,
1034 814 1074 872 31

54 892 125 983 (16,
144 902 185 960 41
207 893 242 982 8)
269 900 396 980 legimus
419 901 545 975 amyoto
568 902 650 975 dieo,
677 900 809 960 dubitari
836 904 948 977 potest,
975 905 1077 960 utrum

55 990 207 1050 Antonius
230 991 303 1049 haee
320 989 482 1049 inseruerit
505 1009 543 1049 an
562 991 668 1049 Tullus
691 991 739 1049 hio
762 990 902 1050 habuerit
925 992 979 1050 dos
1003 995 1076 1051 oroi-

54 1097 122 1153 oos,
155 1079 235 1156 quod
266 1078 416 1139 Antonius
448 1079 619 1138 mutaverit.
664 1079 748 1137 Idem
780 1081 872 1155 paulo
904 1083 972 1155 post
1005 1081 1075 1154 8,5

56 1161 125 1250 (17,
146 1169 164 1228 5
185 1160 220 1249 S)
244 1186 275 1228 se
303 1187 357 1227 sua
379 1167 470 1228 verba
497 1169 629 1243 proferre
657 1167 744 1243 dioit,
773 1169 825 1227 sed
843 1189 877 1228 ea
909 1188 984 1245 qnae
1012 1170 1076 1228 illio

55 1257 200 1334 leguntur
217 1258 309 1316 etiam
327 1257 480 1333 scriptoris
496 1257 613 1332 antiqui
631 1275 694 1318 esse
713 1260 846 1333 possunt.
883 1257 981 1327 Quare
999 1259 1077 1317 hane

54 1349 174 1423 partem
201 1350 237 1406 ut
268 1346 413 1406 incertam
444 1345 656 1422 relinquamus.
703 1345 759 1406 cui
791 1347 873 1423 parti
906 1366 981 1422 quae
1009 1347 1075 1405 sub-

56 1438 233 1512 sequnntur,
255 1435 339 1495 Tulli
357 1455 419 1495 esse
438 1435 587 1494 Antonius
607 1427 720 1518 (8,13;
741 1439 791 1510 17,
808 1438 847 1495 12
864 1430 899 1516 8)
919 1436 999 1494 dieit.
1036 1437 1077 1494 Et

55 1529 241 1601 quamquam
264 1525 469 1583 annominatio
491 1526 545 1582 1111
567 1526 754 1584 misericorde
774 1549 810 1574 ev
830 1527 935 1584 misere
949 1525 1093 1584 oooorolo

55 1615 87 1688 8,
103 1615 144 1673 25
160 1633 204 1689 sq.
227 1605 294 1695 (17,
310 1616 350 1672 22
366 1632 409 1689 sq.
430 1606 465 1695 8)
488 1613 715 1691 Franeogalliea
738 1617 839 1690 potius
863 1633 953 1690 quam
981 1615 1077 1673 latina

55 1707 116 1778 est,
147 1705 249 1762 tamen
281 1704 446 1762 sententIae
479 1706 509 1762 et
541 1722 617 1778 quae
650 1703 832 1778 praecedunt
865 1705 895 1761 et
926 1721 1002 1778 quae
1032 1721 1076 1762 se-

54 1795 191 1869 quuntur
211 1811 272 1851 non
295 1791 332 1850 ab
356 1791 481 1866 antiquo
505 1793 650 1869 seriptore
672 1792 841 1851 abhorrent.
887 1791 1077 1868 Quapropter

54 1881 333 1940 adnominationem
357 1881 452 1939 solam
474 1880 600 1941 Antonii
623 1899 685 1940 esse
710 1881 884 1940 existimem.

148 1995 312 2056 Veniamus
336 1995 374 2053 ad
396 2015 539 2074 magnum
557 1997 632 2055 illud
651 2000 751 2073 eaput,
775 1997 854 2072 quod
873 1999 917 2056 est
940 1996 976 2055 de
994 2015 1077 2072 paee,

56 2088 110 2161 10,
126 2088 244 2160 1-14,
260 2088 277 2144 9
301 2077 369 2168 (17,
384 2086 524 2161 30-19,
541 2087 582 2145 14
598 2078 642 2167 S).
678 2085 737 2145 Hie
761 2086 865 2145 Tullus
889 2089 995 2145 anotor
1016 2104 1073 2144 non

35 2228 39 2233 .
54 2175 207 2234 laudatur.
236 2174 338 2250 Atque
350 2175 472 2232 initium
485 2174 573 2234 huius
588 2174 695 2251 eapitis
710 2168 906 2256 (10,1-20;
927 2177 978 2248 17,
989 2176 1075 2233 30-

57 2266 111 2339 18,
122 2266 139 2322 7
151 2255 186 2344 S)
206 2265 285 2323 eerte
302 2264 475 2339 posterioris
490 2266 557 2323 aevi
575 2267 629 2339 est,
649 2265 720 2339 quia
737 2265 818 2322 mala
836 2264 920 2324 urbis
939 2264 1075 2323 obsessae

55 2351 273 2427 deseribuntur,
297 2371 373 2428 quae
395 2353 452 2411 tali
475 2353 562 2412 modo
586 2355 713 2429 seriptor
737 2355 886 2428 antiquus»,
910 2355 960 2411 eui
980 2353 1075 2412 Roma

54 2442 128 2502 urbs
143 2445 216 2516 erat,
234 2444 284 2501 rix
303 2442 495 2501 enarraverit.
533 2443 611 2500 Tum
626 2461 702 2517 quae
723 2445 773 2520 10,
786 2444 915 2502 20-26
932 2435 999 2521 (18,
1011 2444 1076 2499 7-

56 2534 99 2591 12
120 2523 155 2613 8)
180 2533 353 2606 sequuntur,
379 2530 529 2590 Antonius
556 2531 619 2606 ipse
648 2531 728 2590 dieii.
774 2531 858 2589 Idem
880 2531 971 2608 paulo
995 2531 1075 2590 intra

58 2623 110 2694 10,
126 2621 168 2680 30
192 2612 319 2700 (18,16
341 2611 375 2700 S)
402 2620 545 2696 loquitur.
590 2619 717 2678 Urbium
740 2639 810 2679 vero
835 2619 970 2694 nomina,
999 2638 1075 2695 quae

55 2709 198 2787 leguntur
213 2711 263 2784 12,
275 2711 293 2767 2
305 2727 369 2784 sqq.
387 2699 454 2789 (18,
465 2711 504 2768 21
517 2728 580 2784 sqq.
592 2701 627 2790 S)
647 2712 747 2767 utrum
761 2709 911 2769 Antonius
926 2708 1075 2768 addiderit

54 2817 95 2857 an
110 2817 146 2858 ex
165 2801 294 2858 auctoris
313 2800 361 2858 sui
374 2817 462 2874 opere
477 2799 673 2873 exscripserit,
687 2798 820 2858 dubitari
833 2802 944 2876 potest;
964 2798 999 2856 de
1018 2798 1074 2856 hae

55 2887 230 2963 quaestione
252 2887 333 2945 iufra
357 2881 492 2963 pluribus
516 2888 574 2946 ortt
596 2886 806 2946 disserendum.
853 2885 911 2945 Sed
939 2906 974 2946 ea
998 2907 1074 2962 quae

58 2979 109 3053 12,
125 2977 233 3036 8-13
258 2968 523 3059 (18,27-318)
547 2976 661 3051 profert
684 2976 719 3034 de
743 2977 892 3054 periculis,
915 2977 947 3034 in
967 2977 1074 3052 quibus

54 3085 184 3145 regnum
196 3065 340 3125 Francius
356 3068 509 3124 versatum
523 3067 571 3140 sit,
590 3067 735 3143 originem
749 3067 889 3125 elamant.
921 3065 999 3124 Item
1012 3065 1073 3122 An-

53 3157 158 3214 tonius
173 3172 242 3215 suas
257 3155 418 3214 sententias
434 3155 549 3230 profert
569 3157 619 3228 12,
631 3156 681 3214 24.
698 3156 747 3214 26.
764 3157 803 3215 31
822 3147 927 3235 (19,1.
949 3157 977 3212 4.
995 3157 1012 3211 7
1030 3146 1073 3234 8).

56 3243 194 3318 Aooedit,
218 3243 297 3318 quod
325 3244 486 3302 christiana
510 3244 646 3321 attingit:
677 3247 727 3317 12,
742 3246 782 3303 29
799 3262 841 3319 sq.
862 3236 929 3324 (19,
945 3244 962 3301 5
979 3261 1021 3318 sq.
1039 3237 1073 3321 8)

54 3331 303 3392 1111111111
324 3333 359 3391 de
381 3333 457 3392 dieo.
504 3333 585 3402 Quae
609 3351 674 3391 oum
697 3333 742 3391 ita
765 3334 838 3403 sint,
862 3333 1010 3408 sequitur,
1040 3337 1074 3390 nt
1183 3364 1186 3369 ·

55 3421 145 3499 longe
180 3420 329 3496 plurimae
366 3425 443 3480 eerte
476 3422 564 3481 huius
601 3422 708 3497 eapitis
745 3423 910 3481 sententiae
941 3420 1073 3481 Antonio

54 3511 117 3571 sint
142 3510 326 3571 tribuendae.
371 3509 514 3570 Attamen
542 3530 610 3570 oum
633 3511 748 3571 similia
774 3511 814 3571 de
836 3529 917 3586 qaue
937 3510 1090 3578 antimius
