2422 3856
486 137 714 192 FRAGMENTA
1068 141 1112 204 79

73 297 79 307 ·
93 278 180 350 nunc]
197 278 287 343 Quam
302 281 480 347 sententiam,
494 297 665 349 quamquam
679 297 746 334 voce
761 280 876 349 eejoae
890 282 957 352 d’esp
970 282 1112 336 Antonius

94 367 176 403 suum
190 368 288 404 aevum
303 354 429 420 spectare
445 351 580 416 videatur,
598 353 694 405 tamen
708 351 848 407 Ciceronis
864 370 924 407 esse
937 356 1016 422 puto,
1035 355 1111 422 quod

94 421 219 492 cognitio
243 421 299 488 sui,
326 421 360 475 de
384 439 440 490 qua
458 441 482 475 v.
502 441 529 492 p.
545 428 588 491 57,
610 423 750 477 laudatur.
788 422 917 479 Ceterum
940 442 1113 493 quamquam

94 493 179 546 huius
197 493 287 562 partis
308 496 504 562 argumentum
528 494 564 547 ad
583 494 615 548 fr.
631 502 648 548 4
667 494 736 549 satis
760 497 826 563 apte
845 495 1020 567 adiungitur,
1047 513 1111 550 cum

94 565 123 618 66
142 564 172 616 in
190 564 245 617 fine
263 563 415 634 fragmenti
434 571 450 618 4
470 567 498 620 et
516 565 545 619 in
565 565 647 620 huius
666 565 749 620 initio
769 567 804 619 de
827 567 929 620 civium
948 584 1015 637 erga
1032 568 1110 636 prin-

94 636 307 761 {limittit
316 636 595 763 1111161111
602 655 648 762 c?
657 638 1109 777 letulnttllitssctsstffl·

94 725 171 841 Suae
190 778 292 832 deinde
308 750 340 844 ¹4,
356 785 390 831 26
402 810 435 818 -
446 784 502 847 6,7
522 751 678 848 (16,’7-20
689 779 717 850 S)
736 779 879 851 leguntur,
900 781 1017 835 Antonii
1035 785 1111 850 sunt,

95 848 144 916 qui
162 848 262 902 laudat
278 849 413 904 Senecam
431 852 460 904 et
477 850 606 919 Politice,
625 851 660 905 de
679 851 780 919 quibus
800 869 884 921 supra
902 871 930 922 p.
942 859 976 906 64
984 871 1025 922 sq.
1040 853 1110 906 dixi-

94 939 170 986 mus;
189 938 275 989 quare
294 921 353 975 cius
373 921 459 976 ctiam
477 922 562 975 verba
579 923 646 976 inde
665 922 701 977 ab
720 925 762 977 Et
779 924 890 978 recideret
906 942 995 992 usque
1014 925 1050 978 ad
1070 927 1115 978 dit

94 994 179 1046 verite
195 999 225 1058 4,
240 998 345 1046 26-27
365 996 423 1062 (16,
435 999 503 1046 7-9
519 993 547 1062 S)
566 1010 627 1049 esse
644 997 722 1062 puto,
741 995 979 1064 interpositaque
998 995 1110 1050 facilius

94 1063 131 1116 ad
150 1065 236 1118 testes
254 1062 410 1118 laudandos
428 1067 562 1119 transeat.

597 1272 614 1329 6

322 1393 377 1452 Rei
409 1394 546 1470 publicae
577 1395 714 1472 princeps
747 1395 835 1454 debet
871 1414 971 1455 omnes
1009 1414 1111 1455 sensus

256 1482 418 1558 intendere,
441 1486 475 1542 ut
498 1504 614 1560 semper
637 1485 717 1544 colat
738 1484 894 1544 iustitiam.
931 1484 1013 1544 Haec
1032 1488 1111 1544 enim

258 1590 318 1629 una
349 1573 445 1632 virtus
476 1574 608 1632 omnium
638 1576 683 1632 est
712 1575 816 1652 regina
848 1575 1002 1633 virtutum.
1054 1574 1111 1633 Sed

258 1661 286 1719 ei
309 1663 498 1720 coniunctam
522 1681 584 1723 esse
607 1681 725 1722 necesse
748 1665 793 1722 est
815 1663 1012 1723 clementiam.

168 1775 261 1830 Verba
274 1776 487 1848 Francogallica
505 1777 637 1846 leguntur
656 1779 731 1847 apud
745 1778 899 1835 Antonium
913 1785 938 1846 6,
954 1784 1040 1833 9-12
1056 1780 1111 1849 (16,

95 1853 203 1901 22-24
212 1847 249 1917 S).
265 1879 298 1888 —
313 1864 409 1903 sensus
423 1849 569 1904 intendere
591 1850 723 1904 Academ.
734 1850 760 1903 H
769 1855 811 1904 30.
821 1882 857 1891 -
870 1849 949 1904 Haec
965 1851 1041 1905 enim
1055 1866 1112 1904 una

95 1919 198 1990 virtus]
217 1917 259 1973 De
278 1919 324 1973 off.
339 1919 379 1974 III
392 1925 426 1974 28
445 1923 514 1975 extr.
583 1921 659 1976 idem
677 1921 751 1976 12οε
780 1923 908 1987 Iustitia,
931 1923 1111 1991 66666616-

95 1993 163 2046 66616
172 1997 211 2045 est
218 1992 346 2060 splendor
359 1993 503 2047 mucimus.
530 1991 567 2046 Et
581 2010 630 2047 cur
642 1993 713 2046 haec
727 1993 814 2048 virtus
829 2010 938 2047 summa
952 1993 1113 2059 haberetur,

96 2079 181 2131 supra
198 2079 226 2130 p.
237 2067 271 2115 66
286 2064 315 2116 66
329 2068 362 2116 69
371 2081 411 2132 sq.
426 2064 612 2132 exposuimus.
624 2095 657 2104 -
672 2064 802 2119 Fortasse
816 2064 902 2118 etiam
916 2065 1000 2118 verba
1014 2064 1080 2119 inde
1094 2081 1112 2118 a

97 2133 178 2188 Mais
190 2150 266 2202 pour
283 2135 389 2189 receeie
407 2152 495 2202 usque
515 2135 552 2189 ad
570 2136 625 2202 fait
642 2138 762 2191 mention
777 2141 802 2203 6,
813 2141 881 2190 ’1-9
899 2139 952 2206 (16,
967 2135 1114 2205 20-216)

97 2203 238 2258 Ciceronis
262 2208 339 2272 sunt,
362 2206 404 2259 ita
426 2208 459 2259 nt
481 2208 586 2260 vertas:
619 2206 672 2262 Sed
694 2212 726 2261 et
748 2207 786 2261 ad
804 2209 977 2277 propositam
995 2208 1112 2273 redeam,

96 2278 203 2331 locatus
225 2277 258 2330 de
280 2277 406 2347 pluriores
428 2279 576 2333 semissibus
601 2279 720 2345 circatis,
744 2295 858 2347 cumam
880 2281 912 2333 ia
930 2281 1023 2348 primo
1042 2281 1112 2334 libro

95 2348 197 2402 matio
215 2348 254 2414 set.
292 2347 329 2401 Et
346 2349 378 2401 ia
392 2351 485 2417 primo
503 2351 573 2405 libro
592 2349 668 2402 idem
686 2348 745 2404 fere
763 2349 857 2403 valeat
876 2352 961 2417 atque
980 2352 1010 2403 ie
1030 2351 1111 2404 initio

96 2419 170 2474 istri.
209 2417 264 2473 Sed
282 2418 385 2486 nescio,
404 2420 543 2488 quomodo
558 2419 611 2474 hoc
626 2420 820 2475 diiudicemus.
858 2419 1003 2475 Sententia
1017 2424 1112 2475 autem

97 2505 170 2558 qnae
189 2489 316 2558 sequitur
334 2497 407 2556 6,12
427 2497 480 2558 (16,
495 2498 529 2545 24
541 2491 568 2559 S)
587 2492 704 2546 Antonii
722 2493 777 2560 est,
797 2509 860 2547 cum
876 2491 963 2546 verba
981 2499 1114 2562 trespasse

97 2578 196 2616 comme
223 2567 285 2615 vent
312 2561 478 2630 scripturam
506 2566 632 2617 sanctam
660 2562 785 2631 sapiant3
816 2563 913 2618 videas
938 2563 1015 2618 enim
1040 2579 1112 2632 quae

96 2633 183 2687 verba
205 2632 337 2702 legantur
363 2633 462 2701 psalm.
483 2640 526 2701 37,
541 2639 587 2688 2οε
617 2635 841 2703 quemadmodum
864 2635 958 2701 femus
981 2635 1113 2702 deficient,

97 2706 127 2760 et
144 2703 203 2758 ibd.
220 2708 278 2770 102,
293 2711 318 2758 4.
355 2704 397 2759 De
416 2706 570 2759 enuntiatis
588 2706 655 2759 inde
674 2724 691 2760 a
710 2711 783 2770 6,16
802 2722 891 2773 usque
909 2706 946 2761 ad
966 2711 989 2770 6,
1006 2711 1039 2759 24
1059 2709 1112 2776 (16,

96 2779 205 2829 26-34
220 2774 248 2845 S)
267 2793 291 2830 v.
307 2792 379 2843 quae
398 2777 549 2831 dixerimus
568 2794 652 2846 supra
670 2795 697 2846 p.
709 2782 751 2831 43.

599 3020 616 3074 7

325 3141 393 3200 Duo
412 3143 514 3201 autem
532 3145 601 3202 sunt
618 3141 752 3201 iustitiae
771 3160 880 3219 genera
899 3133 989 3222 (quae
1008 3140 1114 3201 Graeci

259 3231 454 3290 theoreticam
490 3233 521 3289 et
555 3233 719 3306 practicam
756 3222 944 3312 appellant),
986 3250 1113 3306 quarum

261 3320 355 3378 altera
392 3322 424 3378 in
461 3321 574 3394 animo,
614 3321 709 3379 altera
746 3322 779 3378 in
820 3320 935 3397 agendo
975 3320 1113 3379 cernitur.

259 3408 382 3467 Iustitia
415 3409 507 3467 animi
540 3413 585 3468 est
615 3409 739 3468 firmiter
771 3412 801 3468 et
831 3411 1001 3468 constanter
1036 3409 1113 3467 velle

261 3517 315 3558 sua
346 3518 492 3574 quemque
523 3500 588 3557 iure
619 3500 785 3574 meritoque
814 3498 926 3557 habere
952 3501 988 3554 et
1009 3500 1124 3567 sponte
