<?xml version="1.0" encoding="UTF-8"?>
<!DOCTYPE html PUBLIC "-//W3C//DTD XHTML 1.0 Transitional//EN"
    "http://www.w3.org/TR/xhtml1/DTD/xhtml1-transitional.dtd">
<html xmlns="http://www.w3.org/1999/xhtml" xml:lang="en" lang="en">
 <head>
  <title>
</title>
<meta http-equiv="Content-Type" content="text/html;charset=utf-8" />
  <meta name='ocr-system' content='tesseract 3.04.00' />
  <meta name='ocr-capabilities' content='ocr_page ocr_carea ocr_par ocr_line ocrx_word'/>
</head>
<body>
  <div class='ocr_page' id='page_1' title='image "./devirtutibuslib01salegoog_0082.png"; bbox 0 0 2422 3856; ppageno 0'>
   <div class='ocr_carea' id='block_1_1' title="bbox 233 148 1075 215">
    <p class='ocr_par' dir='ltr' id='par_1_1' title="bbox 233 148 1075 215">
     <span class='ocr_line' id='line_1_1' title="bbox 233 148 1075 215; baseline -0.001 -10"><span class='ocrx_word' id='word_1_1' title='bbox 233 157 257 205; x_wconf 83' lang='lat'><strong>5.</strong></span> <span class='ocrx_word' id='word_1_2' title='bbox 276 150 325 204; x_wconf 82' lang='lat' dir='ltr'><strong>DE</strong></span> <span class='ocrx_word' id='word_1_3' title='bbox 345 148 524 206; x_wconf 83' lang='lat' dir='ltr'><strong>CICERCNE</strong></span> <span class='ocrx_word' id='word_1_4' title='bbox 543 150 697 205; x_wconf 85' lang='lat' dir='ltr'><strong>ANTONII</strong></span> <span class='ocrx_word' id='word_1_5' title='bbox 714 150 885 206; x_wconf 79' lang='lat' dir='ltr'><strong>AUCTORE</strong></span> <span class='ocrx_word' id='word_1_6' title='bbox 1035 151 1075 215; x_wconf 78' lang='lat'><strong>71</strong></span> 
     </span>
    </p>
   </div>
   <div class='ocr_carea' id='block_1_2' title="bbox 60 299 1083 1091">
    <p class='ocr_par' dir='ltr' id='par_1_2' title="bbox 62 299 1083 823">
     <span class='ocr_line' id='line_1_2' title="bbox 66 299 1082 381; baseline 0 -21"><span class='ocrx_word' id='word_1_7' title='bbox 66 299 207 362; x_wconf 86' lang='lat' dir='ltr'><strong>Caesares</strong></span> <span class='ocrx_word' id='word_1_8' title='bbox 225 301 378 381; x_wconf 88' lang='lat' dir='ltr'><strong>Augustos</strong></span> <span class='ocrx_word' id='word_1_9' title='bbox 402 302 477 376; x_wconf 85' lang='lat' dir='ltr'><strong>dieo,</strong></span> <span class='ocrx_word' id='word_1_10' title='bbox 501 302 659 361; x_wconf 75' lang='lat' dir='ltr'><strong>attulisset.</strong></span> <span class='ocrx_word' id='word_1_11' title='bbox 705 301 797 360; x_wconf 89' lang='lat' dir='ltr'><strong>Velut</strong></span> <span class='ocrx_word' id='word_1_12' title='bbox 819 301 1082 362; x_wconf 87' lang='lat' dir='ltr'><strong>animadvertasa</strong></span> 
     </span>
     <span class='ocr_line' id='line_1_3' title="bbox 65 391 1082 468; baseline -0.001 -18"><span class='ocrx_word' id='word_1_13' title='bbox 65 391 177 450; x_wconf 78' lang='lat' dir='ltr'>Seneca</span> <span class='ocrx_word' id='word_1_14' title='bbox 209 394 368 466; x_wconf 90' lang='lat' dir='ltr'><strong>specimem</strong></span> <span class='ocrx_word' id='word_1_15' title='bbox 391 393 566 450; x_wconf 86' lang='lat' dir='ltr'><strong>clementiae</strong></span> <span class='ocrx_word' id='word_1_16' title='bbox 589 391 625 450; x_wconf 90' lang='lat' dir='ltr'><strong>de</strong></span> <span class='ocrx_word' id='word_1_17' title='bbox 645 392 728 450; x_wconf 86' lang='lat' dir='ltr'><strong>clem.</strong></span> <span class='ocrx_word' id='word_1_18' title='bbox 746 391 763 450; x_wconf 96' lang='lat' dir='ltr'>I</span> <span class='ocrx_word' id='word_1_19' title='bbox 783 394 825 450; x_wconf 92' lang='lat'><strong>10</strong></span> <span class='ocrx_word' id='word_1_20' title='bbox 844 409 886 466; x_wconf 89' lang='lat' dir='ltr'><strong>sq.</strong></span> <span class='ocrx_word' id='word_1_21' title='bbox 910 391 1082 468; x_wconf 85' lang='lat' dir='ltr'><strong>Augustum</strong></span> 
     </span>
     <span class='ocr_line' id='line_1_4' title="bbox 63 479 1082 558; baseline -0.001 -20"><span class='ocrx_word' id='word_1_22' title='bbox 63 480 194 553; x_wconf 79' lang='lat' dir='ltr'><strong>lauderi3</strong></span> <span class='ocrx_word' id='word_1_23' title='bbox 223 501 250 539; x_wconf 87' lang='lat' dir='ltr'><strong>v.</strong></span> <span class='ocrx_word' id='word_1_24' title='bbox 275 482 367 539; x_wconf 90' lang='lat' dir='ltr'><strong>etiam</strong></span> <span class='ocrx_word' id='word_1_25' title='bbox 388 480 404 538; x_wconf 96' lang='lat' dir='ltr'>I</span> <span class='ocrx_word' id='word_1_26' title='bbox 424 482 451 539; x_wconf 84' lang='lat'><strong>9.</strong></span> <span class='ocrx_word' id='word_1_27' title='bbox 497 481 566 540; x_wconf 85' lang='lat' dir='ltr'><strong>Non</strong></span> <span class='ocrx_word' id='word_1_28' title='bbox 594 499 665 558; x_wconf 92' lang='lat' dir='ltr'><strong>ergo</strong></span> <span class='ocrx_word' id='word_1_29' title='bbox 689 479 801 539; x_wconf 78' lang='lat' dir='ltr'>Seneca</span> <span class='ocrx_word' id='word_1_30' title='bbox 822 479 949 539; x_wconf 85' lang='lat' dir='ltr'><strong>Antonii</strong></span> <span class='ocrx_word' id='word_1_31' title='bbox 977 483 1082 540; x_wconf 87' lang='lat' dir='ltr'><strong>auctor</strong></span> 
     </span>
     <span class='ocr_line' id='line_1_5' title="bbox 64 568 1083 644; baseline -0.001 -16"><span class='ocrx_word' id='word_1_32' title='bbox 64 572 139 642; x_wconf 87' lang='lat' dir='ltr'><strong>erat,</strong></span> <span class='ocrx_word' id='word_1_33' title='bbox 172 569 223 630; x_wconf 90' lang='lat' dir='ltr'><strong>sed</strong></span> <span class='ocrx_word' id='word_1_34' title='bbox 255 571 383 644; x_wconf 78' lang='lat' dir='ltr'><strong>scriptor</strong></span> <span class='ocrx_word' id='word_1_35' title='bbox 416 570 539 644; x_wconf 87' lang='lat' dir='ltr'><strong>quidam</strong></span> <span class='ocrx_word' id='word_1_36' title='bbox 565 568 718 628; x_wconf 82' lang='lat' dir='ltr'><strong>Romanus</strong></span> <span class='ocrx_word' id='word_1_37' title='bbox 746 568 914 628; x_wconf 84' lang='lat' dir='ltr'><strong>Stoicorum</strong></span> <span class='ocrx_word' id='word_1_38' title='bbox 947 569 1083 629; x_wconf 79' lang='lat' dir='ltr'><strong>doctrina</strong></span> 
     </span>
     <span class='ocr_line' id='line_1_6' title="bbox 62 658 1081 738; baseline -0.001 -21"><span class='ocrx_word' id='word_1_39' title='bbox 62 658 210 733; x_wconf 86' lang='lat' dir='ltr'><strong>imbutus,</strong></span> <span class='ocrx_word' id='word_1_40' title='bbox 238 660 289 734; x_wconf 92' lang='lat' dir='ltr'><strong>qui</strong></span> <span class='ocrx_word' id='word_1_41' title='bbox 316 658 409 717; x_wconf 87' lang='lat' dir='ltr'><strong>libera</strong></span> <span class='ocrx_word' id='word_1_42' title='bbox 437 677 468 716; x_wconf 90' lang='lat' dir='ltr'><strong>re</strong></span> <span class='ocrx_word' id='word_1_43' title='bbox 495 658 617 734; x_wconf 88' lang='lat' dir='ltr'><strong>publica</strong></span> <span class='ocrx_word' id='word_1_44' title='bbox 639 659 774 717; x_wconf 88' lang='lat' dir='ltr'><strong>Romana</strong></span> <span class='ocrx_word' id='word_1_45' title='bbox 801 659 925 718; x_wconf 90' lang='lat' dir='ltr'>florente</span> <span class='ocrx_word' id='word_1_46' title='bbox 953 659 1081 738; x_wconf 79' lang='lat' dir='ltr'><strong>scripsit.</strong></span> 
     </span>
     <span class='ocr_line' id='line_1_7' title="bbox 62 745 751 823; baseline -0.001 -17"><span class='ocrx_word' id='word_1_47' title='bbox 62 746 92 806; x_wconf 89' lang='lat' dir='ltr'><strong>Is</strong></span> <span class='ocrx_word' id='word_1_48' title='bbox 115 767 186 807; x_wconf 87' lang='lat' dir='ltr'><strong>vero</strong></span> <span class='ocrx_word' id='word_1_49' title='bbox 209 749 276 823; x_wconf 89' lang='lat' dir='ltr'><strong>quis</strong></span> <span class='ocrx_word' id='word_1_50' title='bbox 300 749 377 807; x_wconf 88' lang='lat' dir='ltr'><strong>alius</strong></span> <span class='ocrx_word' id='word_1_51' title='bbox 400 750 466 806; x_wconf 88' lang='lat' dir='ltr'><strong>erat</strong></span> <span class='ocrx_word' id='word_1_52' title='bbox 489 751 579 823; x_wconf 89' lang='lat' dir='ltr'><strong>atque</strong></span> <span class='ocrx_word' id='word_1_53' title='bbox 603 745 751 807; x_wconf 83' lang='lat' dir='ltr'><strong>Cicero?</strong></span> 
     </span>
    </p>

    <p class='ocr_par' dir='ltr' id='par_1_3' title="bbox 60 834 1080 1091">
     <span class='ocr_line' id='line_1_8' title="bbox 155 834 1080 896; baseline 0.001 -1"><span class='ocrx_word' id='word_1_54' title='bbox 155 834 291 896; x_wconf 89' lang='lat' dir='ltr'><strong>Codioem</strong></span> <span class='ocrx_word' id='word_1_55' title='bbox 323 841 424 896; x_wconf 89' lang='lat' dir='ltr'><strong>autem</strong></span> <span class='ocrx_word' id='word_1_56' title='bbox 452 837 623 895; x_wconf 88' lang='lat' dir='ltr'><strong>Tullianum</strong></span> <span class='ocrx_word' id='word_1_57' title='bbox 651 836 778 895; x_wconf 85' lang='lat' dir='ltr'><strong>Antonii</strong></span> <span class='ocrx_word' id='word_1_58' title='bbox 805 855 878 895; x_wconf 88' lang='lat' dir='ltr'><strong>aevo</strong></span> <span class='ocrx_word' id='word_1_59' title='bbox 907 856 922 893; x_wconf 88' lang='lat' dir='ltr'><strong>e</strong></span> <span class='ocrx_word' id='word_1_60' title='bbox 950 836 1080 896; x_wconf 86' lang='lat' dir='ltr'><strong>tenebris</strong></span> 
     </span>
     <span class='ocr_line' id='line_1_9' title="bbox 60 925 1080 1001; baseline 0.001 -18"><span class='ocrx_word' id='word_1_61' title='bbox 60 928 233 1001; x_wconf 82' lang='lat' dir='ltr'><strong>provenisse</strong></span> <span class='ocrx_word' id='word_1_62' title='bbox 256 945 316 984; x_wconf 92' lang='lat' dir='ltr'><strong>non</strong></span> <span class='ocrx_word' id='word_1_63' title='bbox 339 928 385 984; x_wconf 89' lang='lat' dir='ltr'><strong>est</strong></span> <span class='ocrx_word' id='word_1_64' title='bbox 407 925 487 1000; x_wconf 92' lang='lat' dir='ltr'><strong>quod</strong></span> <span class='ocrx_word' id='word_1_65' title='bbox 509 927 664 1000; x_wconf 90' lang='lat' dir='ltr'><strong>miremur,</strong></span> <span class='ocrx_word' id='word_1_66' title='bbox 694 944 762 984; x_wconf 91' lang='lat' dir='ltr'><strong>cum</strong></span> <span class='ocrx_word' id='word_1_67' title='bbox 786 927 840 984; x_wconf 86' lang='lat' dir='ltr'><strong>alii</strong></span> <span class='ocrx_word' id='word_1_68' title='bbox 863 944 981 1001; x_wconf 87' lang='lat' dir='ltr'><strong>quoque</strong></span> <span class='ocrx_word' id='word_1_69' title='bbox 1004 927 1080 985; x_wconf 90' lang='lat' dir='ltr'><strong>eius·</strong></span> 
     </span>
     <span class='ocr_line' id='line_1_10' title="bbox 62 1009 1079 1091; baseline 0.001 -19"><span class='ocrx_word' id='word_1_70' title='bbox 62 1014 130 1073; x_wconf 92' lang='lat' dir='ltr'><strong>dem</strong></span> <span class='ocrx_word' id='word_1_71' title='bbox 145 1017 274 1074; x_wconf 88' lang='lat' dir='ltr'><strong>auctoris</strong></span> <span class='ocrx_word' id='word_1_72' title='bbox 290 1014 360 1073; x_wconf 86' lang='lat' dir='ltr'><strong>libri</strong></span> <span class='ocrx_word' id='word_1_73' title='bbox 376 1033 467 1073; x_wconf 91' lang='lat' dir='ltr'><strong>manu</strong></span> <span class='ocrx_word' id='word_1_74' title='bbox 484 1016 590 1091; x_wconf 86' lang='lat' dir='ltr'><strong>scripti</strong></span> <span class='ocrx_word' id='word_1_75' title='bbox 604 1019 670 1074; x_wconf 90' lang='lat' dir='ltr'><strong>tum</strong></span> <span class='ocrx_word' id='word_1_76' title='bbox 683 1015 744 1074; x_wconf 87' lang='lat' dir='ltr'><strong>fere</strong></span> <span class='ocrx_word' id='word_1_77' title='bbox 758 1017 790 1073; x_wconf 92' lang='lat' dir='ltr'><strong>in</strong></span> <span class='ocrx_word' id='word_1_78' title='bbox 803 1015 902 1074; x_wconf 93' lang='lat' dir='ltr'><strong>lueem</strong></span> <span class='ocrx_word' id='word_1_79' title='bbox 915 1009 1079 1075; x_wconf 60' lang='lat' dir='ltr'><strong>redierint}</strong></span> 
     </span>
    </p>
   </div>
   <div class='ocr_carea' id='block_1_3' title="bbox 61 1103 1183 1180">
    <p class='ocr_par' dir='ltr' id='par_1_4' title="bbox 61 1103 1183 1180">
     <span class='ocr_line' id='line_1_11' title="bbox 61 1103 1183 1180; baseline 0.003 -20"><span class='ocrx_word' id='word_1_80' title='bbox 61 1104 167 1178; x_wconf 86' lang='lat' dir='ltr'>Neque</span> <span class='ocrx_word' id='word_1_81' title='bbox 180 1104 311 1163; x_wconf 89' lang='lat' dir='ltr'><strong>codicem</strong></span> <span class='ocrx_word' id='word_1_82' title='bbox 325 1106 430 1178; x_wconf 88' lang='lat' dir='ltr'><strong>postea</strong></span> <span class='ocrx_word' id='word_1_83' title='bbox 444 1103 577 1179; x_wconf 88' lang='lat' dir='ltr'><strong>deperire</strong></span> <span class='ocrx_word' id='word_1_84' title='bbox 590 1106 723 1180; x_wconf 91' lang='lat' dir='ltr'><strong>potuisse</strong></span> <span class='ocrx_word' id='word_1_85' title='bbox 736 1104 909 1163; x_wconf 82' lang='lat' dir='ltr'><strong>incredibile</strong></span> <span class='ocrx_word' id='word_1_86' title='bbox 924 1106 977 1163; x_wconf 90' lang='lat' dir='ltr'><strong>est.</strong></span> <span class='ocrx_word' id='word_1_87' title='bbox 1000 1105 1079 1163; x_wconf 88' lang='lat' dir='ltr'><strong>Nam</strong></span> <span class='ocrx_word' id='word_1_88' title='bbox 1181 1144 1183 1146; x_wconf 87' lang='lat'><em>-</em></span> 
     </span>
    </p>
   </div>
   <div class='ocr_carea' id='block_1_4' title="bbox 12 1191 1080 2157">
    <p class='ocr_par' dir='ltr' id='par_1_5' title="bbox 12 1191 1080 2157">
     <span class='ocr_line' id='line_1_12' title="bbox 60 1191 1079 1270; baseline 0.002 -20"><span class='ocrx_word' id='word_1_89' title='bbox 60 1191 154 1251; x_wconf 87' lang='lat' dir='ltr'><strong>etiam</strong></span> <span class='ocrx_word' id='word_1_90' title='bbox 176 1192 291 1251; x_wconf 81' lang='lat' dir='ltr'><strong>Valerii</strong></span> <span class='ocrx_word' id='word_1_91' title='bbox 313 1193 414 1252; x_wconf 79' lang='lat' dir='ltr'><strong>Flacci</strong></span> <span class='ocrx_word' id='word_1_92' title='bbox 440 1193 531 1252; x_wconf 82' lang='lat' dir='ltr'><strong>codex</strong></span> <span class='ocrx_word' id='word_1_93' title='bbox 558 1211 647 1268; x_wconf 91' lang='lat' dir='ltr'><strong>quem</strong></span> <span class='ocrx_word' id='word_1_94' title='bbox 673 1194 845 1268; x_wconf 86' lang='lat' dir='ltr'><strong>praeclarus</strong></span> <span class='ocrx_word' id='word_1_95' title='bbox 872 1192 924 1250; x_wconf 90' lang='lat' dir='ltr'><strong>ille</strong></span> <span class='ocrx_word' id='word_1_96' title='bbox 947 1192 1079 1270; x_wconf 85' lang='lat' dir='ltr'><strong>Poggius</strong></span> 
     </span>
     <span class='ocr_line' id='line_1_13' title="bbox 59 1274 1080 1358; baseline 0.002 -19"><span class='ocrx_word' id='word_1_97' title='bbox 59 1281 218 1341; x_wconf 86' lang='lat' dir='ltr'><strong>invenerat</strong></span> <span class='ocrx_word' id='word_1_98' title='bbox 239 1285 344 1358; x_wconf 88' lang='lat' dir='ltr'><strong>postea</strong></span> <span class='ocrx_word' id='word_1_99' title='bbox 362 1274 472 1358; x_wconf 73' lang='lat' dir='ltr'><strong>periit²</strong></span> <span class='ocrx_word' id='word_1_100' title='bbox 488 1284 621 1358; x_wconf 88' lang='lat' dir='ltr'><strong>itemque</strong></span> <span class='ocrx_word' id='word_1_101' title='bbox 642 1282 697 1341; x_wconf 86' lang='lat' dir='ltr'><strong>Sili</strong></span> <span class='ocrx_word' id='word_1_102' title='bbox 715 1281 817 1341; x_wconf 88' lang='lat' dir='ltr'><strong>Italici</strong></span> <span class='ocrx_word' id='word_1_103' title='bbox 839 1282 930 1341; x_wconf 82' lang='lat' dir='ltr'><strong>codex</strong></span> <span class='ocrx_word' id='word_1_104' title='bbox 955 1283 1080 1357; x_wconf 86' lang='lat' dir='ltr'><strong>quidam</strong></span> 
     </span>
     <span class='ocr_line' id='line_1_14' title="bbox 60 1363 1078 1447; baseline 0.001 -19"><span class='ocrx_word' id='word_1_105' title='bbox 60 1369 99 1428; x_wconf 84' lang='lat' dir='ltr'><strong>ab</strong></span> <span class='ocrx_word' id='word_1_106' title='bbox 119 1371 231 1445; x_wconf 88' lang='lat' dir='ltr'><strong>eodem,</strong></span> <span class='ocrx_word' id='word_1_107' title='bbox 250 1374 284 1430; x_wconf 92' lang='lat' dir='ltr'><strong>ut</strong></span> <span class='ocrx_word' id='word_1_108' title='bbox 300 1372 427 1445; x_wconf 84' lang='lat' dir='ltr'><strong>videtur,</strong></span> <span class='ocrx_word' id='word_1_109' title='bbox 445 1363 608 1446; x_wconf 76' lang='lat' dir='ltr'><strong>repertus.³</strong></span> <span class='ocrx_word' id='word_1_110' title='bbox 645 1371 802 1431; x_wconf 89' lang='lat' dir='ltr'><strong>Praeterea</strong></span> <span class='ocrx_word' id='word_1_111' title='bbox 820 1371 914 1447; x_wconf 90' lang='lat' dir='ltr'><strong>ipsius</strong></span> <span class='ocrx_word' id='word_1_112' title='bbox 929 1369 1078 1430; x_wconf 90' lang='lat' dir='ltr'><strong>Ciceronis</strong></span> 
     </span>
     <span class='ocr_line' id='line_1_15' title="bbox 12 1459 1079 1536; baseline 0 -18"><span class='ocrx_word' id='word_1_113' title='bbox 12 1488 16 1499; x_wconf 90' lang='lat'><em>·</em></span> <span class='ocrx_word' id='word_1_114' title='bbox 59 1459 97 1518; x_wconf 87' lang='lat' dir='ltr'><strong>de</strong></span> <span class='ocrx_word' id='word_1_115' title='bbox 125 1479 156 1518; x_wconf 91' lang='lat' dir='ltr'><strong>re</strong></span> <span class='ocrx_word' id='word_1_116' title='bbox 189 1459 309 1536; x_wconf 88' lang='lat' dir='ltr'><strong>publica</strong></span> <span class='ocrx_word' id='word_1_117' title='bbox 340 1461 428 1533; x_wconf 87' lang='lat' dir='ltr'><strong>liber,</strong></span> <span class='ocrx_word' id='word_1_118' title='bbox 461 1461 513 1536; x_wconf 88' lang='lat' dir='ltr'><strong>qui</strong></span> <span class='ocrx_word' id='word_1_119' title='bbox 543 1478 619 1519; x_wconf 88' lang='lat' dir='ltr'><strong>saec.</strong></span> <span class='ocrx_word' id='word_1_120' title='bbox 647 1460 675 1518; x_wconf 90' lang='lat' dir='ltr'>X</span> <span class='ocrx_word' id='word_1_121' title='bbox 707 1460 855 1534; x_wconf 85' lang='lat' dir='ltr'><strong>exstabat,</strong></span> <span class='ocrx_word' id='word_1_122' title='bbox 887 1461 978 1536; x_wconf 92' lang='lat' dir='ltr'><strong>paulo</strong></span> <span class='ocrx_word' id='word_1_123' title='bbox 1010 1463 1079 1536; x_wconf 89' lang='lat' dir='ltr'><strong>post</strong></span> 
     </span>
     <span class='ocr_line' id='line_1_16' title="bbox 60 1549 1078 1627; baseline 0.002 -21"><span class='ocrx_word' id='word_1_124' title='bbox 60 1549 164 1623; x_wconf 86' lang='lat' dir='ltr'><strong>periit,</strong></span> <span class='ocrx_word' id='word_1_125' title='bbox 201 1551 235 1607; x_wconf 92' lang='lat' dir='ltr'><strong>ut</strong></span> <span class='ocrx_word' id='word_1_126' title='bbox 271 1552 371 1627; x_wconf 86' lang='lat' dir='ltr'><strong>gravis</strong></span> <span class='ocrx_word' id='word_1_127' title='bbox 404 1552 443 1608; x_wconf 90' lang='lat' dir='ltr'><strong>sit</strong></span> <span class='ocrx_word' id='word_1_128' title='bbox 474 1551 573 1623; x_wconf 86' lang='lat' dir='ltr'><strong>testis,</strong></span> <span class='ocrx_word' id='word_1_129' title='bbox 607 1568 695 1626; x_wconf 89' lang='lat' dir='ltr'><strong>quem</strong></span> <span class='ocrx_word' id='word_1_130' title='bbox 730 1550 864 1624; x_wconf 90' lang='lat' dir='ltr'><strong>sequitur</strong></span> <span class='ocrx_word' id='word_1_131' title='bbox 895 1549 942 1607; x_wconf 85' lang='lat' dir='ltr'><strong>vir</strong></span> <span class='ocrx_word' id='word_1_132' title='bbox 974 1549 1078 1608; x_wconf 91' lang='lat' dir='ltr'><strong>doctus</strong></span> 
     </span>
     <span class='ocr_line' id='line_1_17' title="bbox 59 1631 1078 1715; baseline 0 -19"><span class='ocrx_word' id='word_1_133' title='bbox 59 1631 300 1714; x_wconf 72' lang='lat' dir='ltr'><strong>P.Deschamps⁴</strong></span> <span class='ocrx_word' id='word_1_134' title='bbox 314 1639 345 1696; x_wconf 94' lang='lat' dir='ltr'><strong>in</strong></span> <span class='ocrx_word' id='word_1_135' title='bbox 364 1638 440 1698; x_wconf 90' lang='lat' dir='ltr'><strong>libro</strong></span> <span class='ocrx_word' id='word_1_136' title='bbox 456 1658 544 1713; x_wconf 93' lang='lat' dir='ltr'><strong>quem</strong></span> <span class='ocrx_word' id='word_1_137' title='bbox 557 1638 709 1715; x_wconf 88' lang='lat' dir='ltr'><strong>inscripsit</strong></span> <span class='ocrx_word' id='word_1_138' title='bbox 723 1639 815 1697; x_wconf 76' lang='lat' dir='ltr'><strong>Esset</strong></span> <span class='ocrx_word' id='word_1_139' title='bbox 828 1639 1078 1712; x_wconf 72' lang='lat' dir='ltr'><strong>biblieyrepbc&#39;quc</strong></span> 
     </span>
     <span class='ocr_line' id='line_1_18' title="bbox 58 1719 1077 1807; baseline 0 -22"><span class='ocrx_word' id='word_1_140' title='bbox 58 1744 114 1785; x_wconf 80' lang='lat' dir='ltr'><strong>scr</strong></span> <span class='ocrx_word' id='word_1_141' title='bbox 138 1726 259 1786; x_wconf 63' lang='lat' dir='ltr'><strong>ccciccc</strong></span> <span class='ocrx_word' id='word_1_142' title='bbox 287 1719 412 1807; x_wconf 81' lang='lat'>(1863)</span> <span class='ocrx_word' id='word_1_143' title='bbox 435 1748 464 1802; x_wconf 93' lang='lat' dir='ltr'><strong>p.</strong></span> <span class='ocrx_word' id='word_1_144' title='bbox 481 1729 531 1787; x_wconf 86' lang='grc'><strong>34.</strong></span> <span class='ocrx_word' id='word_1_145' title='bbox 581 1727 707 1786; x_wconf 87' lang='lat' dir='ltr'><strong>Antonii</strong></span> <span class='ocrx_word' id='word_1_146' title='bbox 733 1747 804 1787; x_wconf 86' lang='lat' dir='ltr'><strong>vero</strong></span> <span class='ocrx_word' id='word_1_147' title='bbox 833 1728 945 1802; x_wconf 85' lang='lat' dir='ltr'><strong>scripta</strong></span> <span class='ocrx_word' id='word_1_148' title='bbox 973 1731 1077 1803; x_wconf 91' lang='lat' dir='ltr'><strong>postea</strong></span> 
     </span>
     <span class='ocr_line' id='line_1_19' title="bbox 59 1816 1078 1894; baseline 0 -20"><span class='ocrx_word' id='word_1_149' title='bbox 59 1834 78 1874; x_wconf 94' lang='lat' dir='ltr'><strong>a</strong></span> <span class='ocrx_word' id='word_1_150' title='bbox 102 1816 185 1874; x_wconf 90' lang='lat' dir='ltr'><strong>nullo</strong></span> <span class='ocrx_word' id='word_1_151' title='bbox 209 1817 270 1874; x_wconf 90' lang='lat' dir='ltr'><strong>fere</strong></span> <span class='ocrx_word' id='word_1_152' title='bbox 293 1816 467 1894; x_wconf 88' lang='lat' dir='ltr'><strong>diligentius</strong></span> <span class='ocrx_word' id='word_1_153' title='bbox 486 1819 617 1875; x_wconf 87' lang='lat' dir='ltr'><strong>tractata</strong></span> <span class='ocrx_word' id='word_1_154' title='bbox 635 1834 707 1889; x_wconf 87' lang='lat' dir='ltr'><strong>esse,</strong></span> <span class='ocrx_word' id='word_1_155' title='bbox 731 1817 808 1875; x_wconf 91' lang='lat' dir='ltr'><strong>unde</strong></span> <span class='ocrx_word' id='word_1_156' title='bbox 826 1816 919 1890; x_wconf 85' lang='lat' dir='ltr'><strong>fieret,</strong></span> <span class='ocrx_word' id='word_1_157' title='bbox 943 1816 1078 1875; x_wconf 88' lang='lat' dir='ltr'><strong>utillum</strong></span> 
     </span>
     <span class='ocr_line' id='line_1_20' title="bbox 61 1897 1076 1982; baseline -0.001 -18"><span class='ocrx_word' id='word_1_158' title='bbox 61 1903 210 1964; x_wconf 75' lang='lat' dir='ltr'><strong>Ciceronis</strong></span> <span class='ocrx_word' id='word_1_159' title='bbox 223 1905 301 1968; x_wconf 90' lang='lat' dir='ltr'><strong>libro</strong></span> <span class='ocrx_word' id='word_1_160' title='bbox 319 1925 406 1964; x_wconf 87' lang='lat' dir='ltr'><strong>usum</strong></span> <span class='ocrx_word' id='word_1_161' title='bbox 425 1925 488 1965; x_wconf 91' lang='lat' dir='ltr'><strong>esse</strong></span> <span class='ocrx_word' id='word_1_162' title='bbox 507 1925 593 1964; x_wconf 92' lang='lat' dir='ltr'><strong>nemo</strong></span> <span class='ocrx_word' id='word_1_163' title='bbox 608 1897 789 1982; x_wconf 83' lang='lat' dir='ltr'><strong>respiceret⁵‚</strong></span> <span class='ocrx_word' id='word_1_164' title='bbox 805 1908 940 1980; x_wconf 84' lang='lat' dir='ltr'><strong>exposuit</strong></span> <span class='ocrx_word' id='word_1_165' title='bbox 955 1905 1076 1964; x_wconf 74' lang='lat' dir='ltr'><strong>Coeden·-</strong></span> 
     </span>
     <span class='ocr_line' id='line_1_21' title="bbox 58 1994 1077 2070; baseline 0 -18"><span class='ocrx_word' id='word_1_166' title='bbox 58 1994 186 2069; x_wconf 86' lang='lat' dir='ltr'><strong>hjelmus</strong></span> <span class='ocrx_word' id='word_1_167' title='bbox 207 1994 367 2068; x_wconf 76' lang='lat' dir='ltr'><strong>Orfeosipt</strong></span> <span class='ocrx_word' id='word_1_168' title='bbox 388 2015 416 2070; x_wconf 94' lang='lat' dir='ltr'><strong>p.</strong></span> <span class='ocrx_word' id='word_1_169' title='bbox 437 1996 515 2070; x_wconf 88' lang='lat' dir='ltr'><strong>8sq.</strong></span> <span class='ocrx_word' id='word_1_170' title='bbox 561 1996 700 2054; x_wconf 81' lang='lat' dir='ltr'><strong>Fortasse</strong></span> <span class='ocrx_word' id='word_1_171' title='bbox 723 1995 775 2054; x_wconf 91' lang='lat' dir='ltr'><strong>ille</strong></span> <span class='ocrx_word' id='word_1_172' title='bbox 799 1994 890 2054; x_wconf 86' lang='lat' dir='ltr'><strong>codex</strong></span> <span class='ocrx_word' id='word_1_173' title='bbox 909 2014 997 2070; x_wconf 92' lang='lat' dir='ltr'><strong>quem</strong></span> <span class='ocrx_word' id='word_1_174' title='bbox 1014 1994 1077 2052; x_wconf 92' lang='lat' dir='ltr'><strong>An-</strong></span> 
     </span>
     <span class='ocr_line' id='line_1_22' title="bbox 56 2081 1076 2157; baseline -0.002 -15"><span class='ocrx_word' id='word_1_175' title='bbox 56 2083 160 2144; x_wconf 85' lang='lat' dir='ltr'><strong>tonius</strong></span> <span class='ocrx_word' id='word_1_176' title='bbox 183 2085 252 2143; x_wconf 89' lang='lat' dir='ltr'><strong>ante</strong></span> <span class='ocrx_word' id='word_1_177' title='bbox 276 2084 375 2143; x_wconf 92' lang='lat' dir='ltr'><strong>oculos</strong></span> <span class='ocrx_word' id='word_1_178' title='bbox 399 2084 513 2157; x_wconf 86' lang='lat' dir='ltr'><strong>habuit,</strong></span> <span class='ocrx_word' id='word_1_179' title='bbox 541 2103 638 2142; x_wconf 87' lang='lat' dir='ltr'><strong>nonne</strong></span> <span class='ocrx_word' id='word_1_180' title='bbox 663 2084 758 2143; x_wconf 89' lang='lat' dir='ltr'><strong>adhuc</strong></span> <span class='ocrx_word' id='word_1_181' title='bbox 786 2086 883 2143; x_wconf 85' lang='lat' dir='ltr'><strong>exstet</strong></span> <span class='ocrx_word' id='word_1_182' title='bbox 906 2083 958 2142; x_wconf 90' lang='lat' dir='ltr'><strong>sed</strong></span> <span class='ocrx_word' id='word_1_183' title='bbox 980 2081 1076 2142; x_wconf 75' lang='lat' dir='ltr'><strong>latet?</strong></span> 
     </span>
    </p>
   </div>
   <div class='ocr_carea' id='block_1_5' title="bbox 538 2367 596 2444">
    <p class='ocr_par' dir='ltr' id='par_1_6' title="bbox 538 2367 596 2444">
     <span class='ocr_line' id='line_1_23' title="bbox 538 2367 596 2444; baseline 0 -17"><span class='ocrx_word' id='word_1_184' title='bbox 538 2367 596 2444; x_wconf 73' lang='lat'><strong>§6</strong></span> 
     </span>
    </p>
   </div>
   <div class='ocr_carea' id='block_1_6' title="bbox 281 2505 851 2592">
    <p class='ocr_par' dir='ltr' id='par_1_7' title="bbox 281 2505 851 2592">
     <span class='ocr_line' id='line_1_24' title="bbox 281 2505 851 2592; baseline -0.002 -22"><span class='ocrx_word' id='word_1_185' title='bbox 281 2512 330 2570; x_wconf 91' lang='lat' dir='ltr'><strong>De</strong></span> <span class='ocrx_word' id='word_1_186' title='bbox 353 2505 585 2592; x_wconf 80' lang='lat' dir='ltr'><strong>fragmentis</strong></span> <span class='ocrx_word' id='word_1_187' title='bbox 609 2505 851 2592; x_wconf 80' lang='lat' dir='ltr'><strong>colligendis.</strong></span> 
     </span>
    </p>
   </div>
   <div class='ocr_carea' id='block_1_7' title="bbox 56 2634 1075 2980">
    <p class='ocr_par' dir='ltr' id='par_1_8' title="bbox 56 2634 1075 2980">
     <span class='ocr_line' id='line_1_25' title="bbox 147 2634 1075 2713; baseline -0.002 -19"><span class='ocrx_word' id='word_1_188' title='bbox 147 2637 234 2694; x_wconf 86' lang='lat' dir='ltr'><strong>Nunc</strong></span> <span class='ocrx_word' id='word_1_189' title='bbox 257 2638 416 2713; x_wconf 90' lang='lat' dir='ltr'><strong>postquem</strong></span> <span class='ocrx_word' id='word_1_190' title='bbox 439 2636 605 2695; x_wconf 89' lang='lat' dir='ltr'><strong>Antonium</strong></span> <span class='ocrx_word' id='word_1_191' title='bbox 629 2634 776 2695; x_wconf 80' lang='lat' dir='ltr'><strong>Ciceronis</strong></span> <span class='ocrx_word' id='word_1_192' title='bbox 799 2636 910 2694; x_wconf 89' lang='lat' dir='ltr'><strong>librum</strong></span> <span class='ocrx_word' id='word_1_193' title='bbox 934 2635 986 2710; x_wconf 91' lang='lat' dir='ltr'><strong>qui</strong></span> <span class='ocrx_word' id='word_1_194' title='bbox 1009 2636 1075 2692; x_wconf 78' lang='lat' dir='ltr'><strong>eret</strong></span> 
     </span>
     <span class='ocr_line' id='line_1_26' title="bbox 56 2724 1073 2804; baseline -0.004 -20"><span class='ocrx_word' id='word_1_195' title='bbox 56 2727 94 2784; x_wconf 91' lang='lat' dir='ltr'><strong>de</strong></span> <span class='ocrx_word' id='word_1_196' title='bbox 117 2726 280 2785; x_wconf 83' lang='lat' dir='ltr'><strong>virtutibus</strong></span> <span class='ocrx_word' id='word_1_197' title='bbox 305 2729 373 2784; x_wconf 89' lang='lat' dir='ltr'><strong>ante</strong></span> <span class='ocrx_word' id='word_1_198' title='bbox 396 2727 496 2785; x_wconf 89' lang='lat' dir='ltr'><strong>oculos</strong></span> <span class='ocrx_word' id='word_1_199' title='bbox 524 2724 662 2784; x_wconf 84' lang='lat' dir='ltr'><strong>habuisse</strong></span> <span class='ocrx_word' id='word_1_200' title='bbox 685 2728 891 2804; x_wconf 82' lang='lat' dir='ltr'><strong>cognovimus,</strong></span> <span class='ocrx_word' id='word_1_201' title='bbox 919 2724 1073 2782; x_wconf 87' lang='lat' dir='ltr'><strong>videamus</strong></span> 
     </span>
     <span class='ocr_line' id='line_1_27' title="bbox 56 2813 1073 2892; baseline -0.003 -18"><span class='ocrx_word' id='word_1_202' title='bbox 56 2833 176 2874; x_wconf 90' lang='lat' dir='ltr'><strong>necesse</strong></span> <span class='ocrx_word' id='word_1_203' title='bbox 199 2817 252 2888; x_wconf 81' lang='lat' dir='ltr'><strong>est,</strong></span> <span class='ocrx_word' id='word_1_204' title='bbox 281 2833 427 2890; x_wconf 87' lang='lat' dir='ltr'><strong>quaenam</strong></span> <span class='ocrx_word' id='word_1_205' title='bbox 449 2815 537 2874; x_wconf 90' lang='lat' dir='ltr'><strong>huius</strong></span> <span class='ocrx_word' id='word_1_206' title='bbox 560 2815 630 2872; x_wconf 89' lang='lat' dir='ltr'><strong>libri</strong></span> <span class='ocrx_word' id='word_1_207' title='bbox 654 2816 822 2892; x_wconf 85' lang='lat' dir='ltr'><strong>fragmenta</strong></span> <span class='ocrx_word' id='word_1_208' title='bbox 845 2813 984 2891; x_wconf 80' lang='lat' dir='ltr'><strong>colligere</strong></span> <span class='ocrx_word' id='word_1_209' title='bbox 1007 2830 1073 2889; x_wconf 91' lang='lat' dir='ltr'><strong>pos-</strong></span> 
     </span>
     <span class='ocr_line' id='line_1_28' title="bbox 56 2902 1074 2980; baseline -0.003 -17"><span class='ocrx_word' id='word_1_210' title='bbox 56 2904 158 2963; x_wconf 90' lang='lat' dir='ltr'><strong>simus.</strong></span> <span class='ocrx_word' id='word_1_211' title='bbox 204 2903 290 2973; x_wconf 81' lang='lat' dir='ltr'><strong>Quod</strong></span> <span class='ocrx_word' id='word_1_212' title='bbox 325 2906 360 2962; x_wconf 89' lang='lat' dir='ltr'><strong>ut</strong></span> <span class='ocrx_word' id='word_1_213' title='bbox 395 2902 596 2980; x_wconf 89' lang='lat' dir='ltr'><strong>perficiamus,</strong></span> <span class='ocrx_word' id='word_1_214' title='bbox 631 2902 809 2979; x_wconf 89' lang='lat' dir='ltr'><strong>incipiamus</strong></span> <span class='ocrx_word' id='word_1_215' title='bbox 847 2921 864 2960; x_wconf 84' lang='lat' dir='ltr'><strong>a</strong></span> <span class='ocrx_word' id='word_1_216' title='bbox 897 2902 1074 2979; x_wconf 85' lang='lat' dir='ltr'><strong>quaerendo,</strong></span> 
     </span>
    </p>
   </div>
   <div class='ocr_carea' id='block_1_8' title="bbox 54 3090 1074 3591">
    <p class='ocr_par' dir='ltr' id='par_1_9' title="bbox 54 3090 1074 3591">
     <span class='ocr_line' id='line_1_29' title="bbox 148 3090 1072 3162; baseline -0.006 -16"><span class='ocrx_word' id='word_1_217' title='bbox 148 3095 174 3160; x_wconf 85' lang='lat'><strong>1)</strong></span> <span class='ocrx_word' id='word_1_218' title='bbox 196 3091 229 3146; x_wconf 88' lang='lat' dir='ltr'><strong>V.</strong></span> <span class='ocrx_word' id='word_1_219' title='bbox 245 3091 277 3146; x_wconf 84' lang='lat' dir='ltr'><strong>C.</strong></span> <span class='ocrx_word' id='word_1_220' title='bbox 288 3091 375 3162; x_wconf 85' lang='lat' dir='ltr'><strong>Voigt</strong></span> <span class='ocrx_word' id='word_1_221' title='bbox 403 3093 458 3146; x_wconf 85' lang='lat' dir='ltr'><strong>Die</strong></span> <span class='ocrx_word' id='word_1_222' title='bbox 477 3092 715 3162; x_wconf 73' lang='lat' dir='ltr'><strong>Wicdcrbelebeeg</strong></span> <span class='ocrx_word' id='word_1_223' title='bbox 736 3092 781 3145; x_wconf 82' lang='lat' dir='ltr'><strong>des</strong></span> <span class='ocrx_word' id='word_1_224' title='bbox 803 3091 964 3145; x_wconf 71' lang='lat' dir='ltr'><strong>clamiscbee</strong></span> <span class='ocrx_word' id='word_1_225' title='bbox 983 3090 1072 3143; x_wconf 79' lang='lat' dir='ltr'><strong>Alter·</strong></span> 
     </span>
     <span class='ocr_line' id='line_1_30' title="bbox 54 3160 1073 3232; baseline -0.005 -14"><span class='ocrx_word' id='word_1_226' title='bbox 54 3165 147 3218; x_wconf 74' lang='lat' dir='ltr'><strong>thama</strong></span> <span class='ocrx_word' id='word_1_227' title='bbox 164 3163 195 3217; x_wconf 81' lang='lat'><strong>1³</strong></span> <span class='ocrx_word' id='word_1_228' title='bbox 212 3182 239 3232; x_wconf 92' lang='lat' dir='ltr'><strong>p.</strong></span> <span class='ocrx_word' id='word_1_229' title='bbox 256 3169 288 3216; x_wconf 80' lang='grc'><strong>37</strong></span> <span class='ocrx_word' id='word_1_230' title='bbox 300 3181 373 3232; x_wconf 83' lang='lat' dir='ltr'><strong>sqq.‚</strong></span> <span class='ocrx_word' id='word_1_231' title='bbox 394 3169 528 3231; x_wconf 71' lang='lat' dir='ltr'><strong>242⁸qu</strong></span> <span class='ocrx_word' id='word_1_232' title='bbox 544 3162 587 3215; x_wconf 74' lang='grc' dir='ltr'><strong>Π8</strong></span> <span class='ocrx_word' id='word_1_233' title='bbox 605 3181 632 3231; x_wconf 90' lang='lat' dir='ltr'><strong>p.</strong></span> <span class='ocrx_word' id='word_1_234' title='bbox 648 3167 698 3215; x_wconf 84' lang='lat'><strong>331</strong></span> <span class='ocrx_word' id='word_1_235' title='bbox 710 3181 765 3230; x_wconf 84' lang='lat' dir='ltr'><strong>sq.;</strong></span> <span class='ocrx_word' id='word_1_236' title='bbox 793 3162 823 3215; x_wconf 85' lang='lat' dir='ltr'><strong>E.</strong></span> <span class='ocrx_word' id='word_1_237' title='bbox 838 3160 952 3215; x_wconf 86' lang='lat' dir='ltr'><strong>Norden</strong></span> <span class='ocrx_word' id='word_1_238' title='bbox 971 3161 1073 3214; x_wconf 71' lang='lat' dir='ltr'><strong>Antike</strong></span> 
     </span>
     <span class='ocr_line' id='line_1_31' title="bbox 56 3232 1074 3304; baseline -0.004 -15"><span class='ocrx_word' id='word_1_239' title='bbox 56 3236 235 3304; x_wconf 75' lang='lat' dir='ltr'><strong>Kanetprosa</strong></span> <span class='ocrx_word' id='word_1_240' title='bbox 251 3235 276 3288; x_wconf 80' lang='grc' dir='ltr'><strong>ΙΙ</strong></span> <span class='ocrx_word' id='word_1_241' title='bbox 294 3254 321 3303; x_wconf 90' lang='lat' dir='ltr'><strong>p.</strong></span> <span class='ocrx_word' id='word_1_242' title='bbox 334 3240 385 3288; x_wconf 76' lang='lat'><strong>708</strong></span> <span class='ocrx_word' id='word_1_243' title='bbox 405 3234 470 3288; x_wconf 87' lang='lat' dir='ltr'><strong>adn.</strong></span> <span class='ocrx_word' id='word_1_244' title='bbox 486 3239 509 3287; x_wconf 92' lang='lat'><strong>1.</strong></span> <span class='ocrx_word' id='word_1_245' title='bbox 596 3237 622 3302; x_wconf 75' lang='lat'><strong>2)</strong></span> <span class='ocrx_word' id='word_1_246' title='bbox 642 3232 897 3287; x_wconf 83' lang='lat' dir='ltr'><strong>Teuffel-Schwabe</strong></span> <span class='ocrx_word' id='word_1_247' title='bbox 918 3232 1009 3286; x_wconf 80' lang='lat' dir='ltr'><strong>Gescb.</strong></span> <span class='ocrx_word' id='word_1_248' title='bbox 1025 3232 1074 3285; x_wconf 78' lang='lat' dir='ltr'><strong>der</strong></span> 
     </span>
     <span class='ocr_line' id='line_1_32' title="bbox 54 3303 1072 3376; baseline -0.007 -15"><span class='ocrx_word' id='word_1_249' title='bbox 54 3307 219 3362; x_wconf 76' lang='lat' dir='ltr'><strong>roemiccbcu</strong></span> <span class='ocrx_word' id='word_1_250' title='bbox 232 3307 378 3361; x_wconf 81' lang='lat' dir='ltr'><strong>Literatccr</strong></span> <span class='ocrx_word' id='word_1_251' title='bbox 391 3305 416 3359; x_wconf 85' lang='lat' dir='ltr'><strong>ll</strong></span> <span class='ocrx_word' id='word_1_252' title='bbox 435 3311 450 3370; x_wconf 70' lang='lat'>5</span> <span class='ocrx_word' id='word_1_253' title='bbox 467 3311 527 3371; x_wconf 74' lang='lat'>317,</span> <span class='ocrx_word' id='word_1_254' title='bbox 542 3312 571 3370; x_wconf 77' lang='lat'><strong>43</strong></span> <span class='ocrx_word' id='word_1_255' title='bbox 592 3311 656 3371; x_wconf 78' lang='lat'><strong>295,</strong></span> <span class='ocrx_word' id='word_1_256' title='bbox 671 3311 700 3371; x_wconf 76' lang='lat'><strong>23</strong></span> <span class='ocrx_word' id='word_1_257' title='bbox 718 3304 811 3376; x_wconf 58' lang='lat' dir='ltr'><strong>,Voigt</strong></span> <span class='ocrx_word' id='word_1_258' title='bbox 829 3304 847 3357; x_wconf 95' lang='lat' dir='ltr'><strong>l.</strong></span> <span class='ocrx_word' id='word_1_259' title='bbox 862 3303 880 3357; x_wconf 90' lang='lat'><strong>1.</strong></span> <span class='ocrx_word' id='word_1_260' title='bbox 894 3303 907 3355; x_wconf 95' lang='lat' dir='ltr'>I</span> <span class='ocrx_word' id='word_1_261' title='bbox 925 3322 953 3371; x_wconf 93' lang='lat' dir='ltr'><strong>p.</strong></span> <span class='ocrx_word' id='word_1_262' title='bbox 969 3308 1020 3355; x_wconf 76' lang='grc'><strong>239</strong></span> <span class='ocrx_word' id='word_1_263' title='bbox 1031 3320 1072 3369; x_wconf 89' lang='lat' dir='ltr'><strong>eq.</strong></span> 
     </span>
     <span class='ocr_line' id='line_1_33' title="bbox 56 3373 1073 3448; baseline -0.005 -17"><span class='ocrx_word' id='word_1_264' title='bbox 56 3381 83 3448; x_wconf 87' lang='grc'><strong>3)</strong></span> <span class='ocrx_word' id='word_1_265' title='bbox 94 3376 348 3432; x_wconf 83' lang='lat' dir='ltr'><strong>Teuffel-Schwabe</strong></span> <span class='ocrx_word' id='word_1_266' title='bbox 362 3377 380 3432; x_wconf 90' lang='lat' dir='ltr'><strong>l.</strong></span> <span class='ocrx_word' id='word_1_267' title='bbox 391 3377 408 3430; x_wconf 90' lang='lat' dir='ltr'><strong>l.</strong></span> <span class='ocrx_word' id='word_1_268' title='bbox 416 3376 446 3448; x_wconf 34' lang='grc' dir='ltr'><strong>,ΙΙ</strong></span> <span class='ocrx_word' id='word_1_269' title='bbox 456 3383 470 3442; x_wconf 68' lang='lat'><strong>5</strong></span> <span class='ocrx_word' id='word_1_270' title='bbox 482 3381 543 3443; x_wconf 77' lang='lat'>320,</span> <span class='ocrx_word' id='word_1_271' title='bbox 553 3383 577 3430; x_wconf 80' lang='grc'><strong>3.</strong></span> <span class='ocrx_word' id='word_1_272' title='bbox 637 3379 663 3444; x_wconf 86' lang='grc'><strong>4)</strong></span> <span class='ocrx_word' id='word_1_273' title='bbox 674 3375 707 3430; x_wconf 89' lang='lat' dir='ltr'><strong>V.</strong></span> <span class='ocrx_word' id='word_1_274' title='bbox 718 3376 805 3430; x_wconf 90' lang='lat' dir='ltr'><strong>etiam</strong></span> <span class='ocrx_word' id='word_1_275' title='bbox 819 3391 891 3444; x_wconf 89' lang='lat' dir='ltr'><strong>quae</strong></span> <span class='ocrx_word' id='word_1_276' title='bbox 906 3374 984 3428; x_wconf 90' lang='lat' dir='ltr'><strong>dicat</strong></span> <span class='ocrx_word' id='word_1_277' title='bbox 997 3373 1073 3426; x_wconf 86' lang='lat' dir='ltr'><strong>idem</strong></span> 
     </span>
     <span class='ocr_line' id='line_1_34' title="bbox 55 3445 1072 3518; baseline -0.006 -16"><span class='ocrx_word' id='word_1_278' title='bbox 55 3467 80 3503; x_wconf 88' lang='lat' dir='ltr'><strong>v.</strong></span> <span class='ocrx_word' id='word_1_279' title='bbox 100 3449 127 3503; x_wconf 92' lang='lat' dir='ltr'><strong>d.</strong></span> <span class='ocrx_word' id='word_1_280' title='bbox 146 3449 319 3518; x_wconf 86' lang='lat' dir='ltr'><strong>Deschampe</strong></span> <span class='ocrx_word' id='word_1_281' title='bbox 343 3449 412 3502; x_wconf 91' lang='lat' dir='ltr'><strong>ibid.</strong></span> <span class='ocrx_word' id='word_1_282' title='bbox 435 3467 463 3516; x_wconf 94' lang='lat' dir='ltr'><strong>p.</strong></span> <span class='ocrx_word' id='word_1_283' title='bbox 479 3453 512 3500; x_wconf 84' lang='lat'><strong>35</strong></span> <span class='ocrx_word' id='word_1_284' title='bbox 532 3449 562 3502; x_wconf 86' lang='lat' dir='ltr'><strong>et</strong></span> <span class='ocrx_word' id='word_1_285' title='bbox 580 3451 613 3501; x_wconf 86' lang='grc'><strong>38</strong></span> <span class='ocrx_word' id='word_1_286' title='bbox 642 3447 677 3501; x_wconf 90' lang='lat' dir='ltr'><strong>de</strong></span> <span class='ocrx_word' id='word_1_287' title='bbox 703 3446 844 3502; x_wconf 85' lang='lat' dir='ltr'><strong>Ciceronis</strong></span> <span class='ocrx_word' id='word_1_288' title='bbox 872 3445 1072 3501; x_wconf 85' lang='lat' dir='ltr'><strong>consolatione.</strong></span> 
     </span>
     <span class='ocr_line' id='line_1_35' title="bbox 56 3518 660 3591; baseline -0.008 -16"><span class='ocrx_word' id='word_1_289' title='bbox 56 3523 84 3591; x_wconf 79' lang='grc'><strong>3)</strong></span> <span class='ocrx_word' id='word_1_290' title='bbox 102 3520 136 3574; x_wconf 89' lang='lat' dir='ltr'><strong>V.</strong></span> <span class='ocrx_word' id='word_1_291' title='bbox 151 3521 238 3574; x_wconf 90' lang='lat' dir='ltr'><strong>etiam</strong></span> <span class='ocrx_word' id='word_1_292' title='bbox 251 3520 378 3590; x_wconf 86' lang='lat' dir='ltr'><strong>Voigtll</strong></span> <span class='ocrx_word' id='word_1_293' title='bbox 395 3539 422 3589; x_wconf 91' lang='lat' dir='ltr'><strong>p.</strong></span> <span class='ocrx_word' id='word_1_294' title='bbox 439 3525 490 3573; x_wconf 87' lang='grc'><strong>338</strong></span> <span class='ocrx_word' id='word_1_295' title='bbox 510 3522 539 3574; x_wconf 89' lang='lat' dir='ltr'><strong>et</strong></span> <span class='ocrx_word' id='word_1_296' title='bbox 557 3518 621 3572; x_wconf 90' lang='lat' dir='ltr'><strong>adn.</strong></span> <span class='ocrx_word' id='word_1_297' title='bbox 639 3525 660 3571; x_wconf 88' lang='lat'><strong>1.</strong></span> 
     </span>
    </p>
   </div>
   <div class='ocr_carea' id='block_1_9' title="bbox 0 0 1216 3856">
    <p class='ocr_par' dir='ltr' id='par_1_10' title="bbox 0 0 1216 3856">
     <span class='ocr_line' id='line_1_36' title="bbox 0 0 1216 3856; baseline 0 4"><span class='ocrx_word' id='word_1_298' title='bbox 0 0 1216 3856; x_wconf 95' lang='lat' dir='ltr'><strong> </strong></span> 
     </span>
    </p>
   </div>
  </div>
 </body>
</html>
