2422 3856
90 153 133 217 62
402 153 436 207 Π.
455 150 792 207 COMMENTATIONES

182 304 227 363 De
256 304 409 363 tributis
439 321 555 379 qnoque
583 302 769 362 simillimum
796 306 992 380 praecepium
1022 310 1116 382 atque

95 394 222 453 Antonii
242 396 293 468 20,
309 396 348 452 21
371 384 437 472 (21,
458 393 498 451 26
519 384 555 474 S)
578 394 729 452 invenitur
752 393 784 450 in
804 391 953 453 Ciceronis
976 393 1055 454 libro
1079 394 1115 454 de

93 483 141 541 off.
160 483 192 541 H
213 484 263 540 74.
309 481 449 558 Legimus
467 481 522 540 ibi:
546 481 660 541 Danda
682 499 772 555 opera
794 487 844 551 est,
865 501 911 550 ne,
935 483 1015 557 quad
1033 485 1116 558 apud

91 575 218 631 maiores
241 576 355 630 nastros
373 588 459 642 saepe
476 572 565 643 tiebat
580 575 702 644 propter
721 573 833 630 aerarii
850 574 1022 631 tenuitatem
1040 576 1114 632 assi·

92 662 290 734 deitatemque
313 661 460 729 bellarmn,
488 661 627 718 tributum
653 662 693 718 sit
719 661 934 732 eonferendum,
961 661 1052 735 idque
1077 680 1114 720 ne

93 753 206 810 eueniat
227 750 318 808 multa
341 754 408 809 ante
436 749 732 822 erttprootdenamn.
777 748 832 808 Sin
854 767 929 822 qnae
956 752 1114 810 necessitas

91 841 181 898 liuius
211 841 342 898 muneris
373 840 465 898 alicui
495 840 539 897 rei
564 838 702 912 publicae
733 839 890 908 obuenerit,
922 839 1029 898 danda
1060 842 1114 899 erit

93 945 191 1002 opera,
215 933 248 986 nt
270 945 368 987 ornnes
389 928 566 1002 intellepant,
587 929 615 986 si
636 928 714 987 salai
737 945 797 987 esse
819 929 920 997 uelint,
948 931 1113 988 necessitati

94 1034 154 1076 esse
171 1018 348 1090 parendum.
393 1015 510 1075 Ibidem
534 1015 635 1076 Cicero
656 1018 748 1075 etiem
770 1016 807 1075 de
830 1035 914 1076 eure
938 1036 1113 1092 annonae,

94 1104 131 1164 de
146 1125 205 1181 que
218 1105 368 1165 Antonius
383 1108 435 1179 24,
446 1108 488 1164 24
498 1096 566 1186 (23,
577 1107 595 1163 6
608 1097 643 1187 S)
662 1107 736 1182 agit,
754 1106 895 1181 loquitur.
917 1105 1023 1182 Atque
1041 1108 1111 1166 haec

93 1197 163 1253 sunt
194 1195 257 1254 eius
290 1194 393 1253 verba:
432 1194 537 1253 (inmes
564 1197 615 1266 qui
641 1213 703 1254 rem
724 1196 876 1268 publicam
905 1196 1113 1270 pubernaiemi

92 1285 241 1344 consulere
263 1284 412 1352 debebunt,
439 1288 472 1342 ut
499 1301 600 1342 earum
627 1302 726 1342 rernm
754 1286 838 1357 copia
863 1286 910 1354 sit,
937 1303 1016 1359 quae
1045 1290 1111 1346 sunt

93 1373 134 1431 ari
161 1376 268 1432 ciclum
298 1375 488 1432 necessariae.
540 1371 658 1431 Similia
684 1373 826 1451 leguntur
853 1373 889 1432 de
916 1375 965 1433 off.
989 1375 1039 1434 ΙΠ
1062 1378 1110 1434 31.

94 1462 294 1537 Relinquitur,
321 1465 357 1519 ut
383 1463 419 1520 de
448 1479 533 1521 cure
556 1461 728 1521 bonorum
751 1461 993 1539 publicorum,
1023 1483 1108 1542 quem

92 1552 242 1611 Antonius
259 1552 309 1626 28,
325 1553 365 1610 22
382 1543 450 1631 (24,
466 1554 508 1611 20
520 1543 554 1632 S)
576 1553 697 1626 tractat,
720 1553 751 1610 ei
774 1550 1004 1629 libertatum,
1028 1555 1109 1613 cuius

94 1642 221 1716 scriptor
254 1639 498 1716 Francogellieus
528 1642 583 1714 32,
599 1641 639 1698 28
665 1632 721 1721 (26
746 1631 781 1720 S)
813 1642 998 1700 mentionem
1031 1644 1107 1714 fecit,

93 1729 244 1788 disseram.
290 1729 378 1788 Illam
403 1729 506 1789 Cicero
532 1728 638 1788 laudet
665 1729 701 1787 de
728 1729 775 1788 off.
794 1728 826 1787 H
845 1730 901 1804 83,
929 1749 999 1789 cum
1027 1730 1107 1790 dicit:

92 1819 144 1877 Ea
176 1823 218 1877 est
245 1836 361 1878 summu
391 1822 468 1878 ratio
505 1822 531 1877 et
564 1820 712 1892 sapientia
743 1818 810 1876 boni
840 1820 924 1888 ciuis,
961 1819 1107 1878 commacla

93 1909 201 1967 ciuium
223 1925 283 1966 nan
302 1909 437 1968 cliacllere
455 1913 541 1981 atque
558 1923 656 1966 onmes
675 1909 817 1980 aequitate
836 1909 936 1966 eadem
953 1911 1107 1983 continere

92 1999 221 2056 maxime
249 2000 349 2056 eutem
377 1997 437 2056 ibd.
461 1997 492 2055 ΙΙ
512 1997 568 2055 85:
600 1997 632 2056 Ii
659 1999 710 2069 qni
735 2014 798 2056 rem
814 1997 967 2070 publicam
990 1999 1108 2057 tneinn·

93 2091 142 2144 tur
164 2088 198 2145 in
214 2089 324 2160 primis
347 2104 466 2159 operam
485 2087 604 2155 dabunt,
627 2090 660 2143 nl
677 2087 754 2144 iuris
773 2090 799 2146 et
815 2086 995 2145 luiticiorum
1013 2089 1108 2162 aequi·

93 2180 150 2234 tate
171 2193 260 2235 smrm
282 2177 403 2249 quisque
431 2180 525 2234 teneat
551 2180 577 2234 ct
597 2193 689 2249 neque
711 2177 855 2234 tenuiores
872 2179 996 2248 prepter
1016 2177 1108 2235 lemm-

93 2266 203 2324 litatem
239 2268 506 2325 circumveniantur
541 2283 632 2338 neque
668 2265 856 2338 locupletibus
893 2264 933 2322 ad
968 2281 1029 2324 sua
1067 2265 1108 2324 cel

93 2355 217 2413 tenenda
247 2355 292 2412 nel
323 2354 527 2427 recuperanda
557 2354 631 2413 absit
657 2355 781 2422 insidia,
807 2356 963 2426 praeterea
993 2355 1107 2428 quibus·

93 2461 213 2515 enmque
239 2444 326 2502 rebus
353 2445 399 2502 eel
428 2444 494 2503 belli
523 2444 568 2502 eel
597 2445 676 2502 clami
697 2447 844 2516 poterunt,
873 2459 936 2500 rem
957 2445 1107 2517 publicam

93 2537 221 2606 aupeamt
242 2535 374 2606 imperio,
402 2536 492 2607 apris,
519 2534 714 2607 aectipalibus.
759 2531 844 2590 Haec
865 2549 1043 2606 mapnarnm
1062 2533 1108 2590 iro·

93 2624 207 2679 minum
238 2626 315 2690 sunt,
346 2623 417 2681 lraec
448 2623 529 2695 apud
560 2624 686 2681 maiores
716 2626 830 2679 nastros
860 2621 1012 2693 factitata,
1042 2623 1108 2681 laec

90 2728 200 2784 penera
229 2712 395 2783 officiarum
425 2714 476 2784 qui
499 2715 717 2784 persequuntur
746 2726 812 2768 cum
840 2727 959 2768 summa
985 2711 1108 2770 utilitate

93 2802 137 2858 rei
150 2800 289 2873 publicae
307 2818 445 2874 mapnam
462 2802 521 2874 ipsi
539 2800 738 2873 adipiscentur
752 2801 918 2873 etprotiam
937 2804 964 2858 et
973 2800 1106 2873 planiam.

93 2888 176 2946 Idem
208 2888 370 2948 Hecatonis
408 2888 443 2948 de
479 2889 536 2948 hac
571 2908 603 2946 re
640 2889 819 2946 sententiam
850 2905 935 2946 suom
967 2887 1044 2947 facit
1074 2887 1108 2946 de

94 2978 141 3036 off.
164 2977 220 3052 ΙΠ,
246 2978 301 3036 63:
336 2978 526 3052 Sinpulorum
552 2978 707 3050 facultates
730 2981 756 3034 ct
778 2979 877 3050 copiae
899 2978 1022 3036 divitiae
1043 2980 1108 3036 ment

94 3069 226 3126 ciuitatis.
272 3066 431 3126 Praetereo
463 3065 607 3126 addemus
639 3066 738 3126 locum
767 3065 802 3124 de
829 3064 879 3123 fin.
902 3065 950 3124 ΙΠ
974 3067 1032 3142 64,
1057 3065 1109 3124 ubi

95 3155 212 3214 Cicero:
242 3157 295 3214 Vir
317 3157 418 3231 inquit
446 3158 537 3215 banus
561 3159 587 3213 et
612 3158 731 3229 sapiens
754 3159 780 3212 et
811 3156 921 3229 lepibus
943 3173 1059 3228 parens
1085 3158 1109 3213 rt

94 3246 187 3303 ciuilis
210 3245 302 3318 efficii
319 3262 379 3303 nen
396 3248 520 3319 ipnarus
538 3246 658 3304 utilitati
675 3246 805 3302 emnium
822 3245 895 3318 pius
912 3261 1004 3317 quam
1021 3246 1110 3304 unius

94 3335 220 3392 alicuius
253 3339 305 3393 aut
337 3352 409 3392 suae
441 3335 579 3406 consulit·
614 3351 667 3392 nee
697 3336 792 3406 napis
825 3337 867 3392 est
896 3335 1109 3407 vituperandus

87 3424 223 3496 proditer
244 3426 364 3498 patriae
392 3442 480 3497 piram
510 3425 670 3482 eommunis
696 3424 831 3482 utilitatis
858 3427 912 3481 aut
933 3423 1039 3483 salutis
1061 3423 1107 3482 de·

89 3516 186 3569 sertor
208 3518 334 3586 praeite·
366 3531 452 3573 suam
483 3515 644 3572 utilitatem.
691 3510 801 3571 Curam
832 3530 903 3571 vero
936 3511 1108 3572 libertatum
