<?xml version="1.0" encoding="UTF-8"?>
<!DOCTYPE html PUBLIC "-//W3C//DTD XHTML 1.0 Transitional//EN"
    "http://www.w3.org/TR/xhtml1/DTD/xhtml1-transitional.dtd">
<html xmlns="http://www.w3.org/1999/xhtml" xml:lang="en" lang="en">
 <head>
  <title>
</title>
<meta http-equiv="Content-Type" content="text/html;charset=utf-8" />
  <meta name='ocr-system' content='tesseract 3.04.00' />
  <meta name='ocr-capabilities' content='ocr_page ocr_carea ocr_par ocr_line ocrx_word'/>
</head>
<body>
  <div class='ocr_page' id='page_1' title='image "./devirtutibuslib01salegoog_0092.png"; bbox 0 0 2422 3856; ppageno 0'>
   <div class='ocr_carea' id='block_1_1' title="bbox 487 151 1109 219">
    <p class='ocr_par' dir='ltr' id='par_1_1' title="bbox 487 151 1109 219">
     <span class='ocr_line' id='line_1_1' title="bbox 487 151 1109 219; baseline 0.005 -15"><span class='ocrx_word' id='word_1_1' title='bbox 487 151 714 205; x_wconf 77' lang='lat' dir='ltr'><strong>FRAGMENTA</strong></span> <span class='ocrx_word' id='word_1_2' title='bbox 1068 153 1109 219; x_wconf 86' lang='lat'>81</span> 
     </span>
    </p>
   </div>
   <div class='ocr_carea' id='block_1_2' title="bbox 255 303 1112 647">
    <p class='ocr_par' dir='ltr' id='par_1_2' title="bbox 255 303 1112 647">
     <span class='ocr_line' id='line_1_2' title="bbox 322 303 1112 364; baseline 0.001 -3"><span class='ocrx_word' id='word_1_3' title='bbox 322 304 367 362; x_wconf 84' lang='grc' dir='ltr'>Μ.</span> <span class='ocrx_word' id='word_1_4' title='bbox 400 303 442 361; x_wconf 90' lang='lat' dir='ltr'>At</span> <span class='ocrx_word' id='word_1_5' title='bbox 471 304 550 362; x_wconf 86' lang='lat' dir='ltr'>enim</span> <span class='ocrx_word' id='word_1_6' title='bbox 577 303 694 362; x_wconf 86' lang='lat' dir='ltr'>iustitia</span> <span class='ocrx_word' id='word_1_7' title='bbox 725 303 854 362; x_wconf 84' lang='lat' dir='ltr'>humane</span> <span class='ocrx_word' id='word_1_8' title='bbox 884 309 915 363; x_wconf 88' lang='lat' dir='ltr'>et</span> <span class='ocrx_word' id='word_1_9' title='bbox 946 304 1112 364; x_wconf 77' lang='lat' dir='ltr'>liberaliter</span> 
     </span>
     <span class='ocr_line' id='line_1_3' title="bbox 256 392 1110 470; baseline 0.004 -21"><span class='ocrx_word' id='word_1_10' title='bbox 256 392 418 451; x_wconf 85' lang='lat' dir='ltr'>exercitata</span> <span class='ocrx_word' id='word_1_11' title='bbox 447 393 549 450; x_wconf 85' lang='lat' dir='ltr'>vocari</span> <span class='ocrx_word' id='word_1_12' title='bbox 577 395 678 468; x_wconf 88' lang='lat' dir='ltr'>potest</span> <span class='ocrx_word' id='word_1_13' title='bbox 705 393 877 470; x_wconf 88' lang='lat' dir='ltr'>clementia,</span> <span class='ocrx_word' id='word_1_14' title='bbox 906 411 977 452; x_wconf 89' lang='lat' dir='ltr'>nam</span> <span class='ocrx_word' id='word_1_15' title='bbox 1003 393 1110 453; x_wconf 88' lang='lat' dir='ltr'>libera·</span> 
     </span>
     <span class='ocr_line' id='line_1_4' title="bbox 255 480 1110 558; baseline 0.002 -19"><span class='ocrx_word' id='word_1_16' title='bbox 255 480 325 539; x_wconf 89' lang='lat' dir='ltr'>litas</span> <span class='ocrx_word' id='word_1_17' title='bbox 348 481 446 557; x_wconf 86' lang='lat' dir='ltr'>pietas</span> <span class='ocrx_word' id='word_1_18' title='bbox 469 480 640 540; x_wconf 88' lang='lat' dir='ltr'>humanitas</span> <span class='ocrx_word' id='word_1_19' title='bbox 662 481 890 558; x_wconf 85' lang='lat' dir='ltr'>proficiscuntur</span> <span class='ocrx_word' id='word_1_20' title='bbox 908 502 926 541; x_wconf 92' lang='lat' dir='ltr'>a</span> <span class='ocrx_word' id='word_1_21' title='bbox 944 482 1110 543; x_wconf 86' lang='lat' dir='ltr'>clementia.</span> 
     </span>
     <span class='ocr_line' id='line_1_5' title="bbox 256 568 1110 647; baseline 0.006 -20"><span class='ocrx_word' id='word_1_22' title='bbox 256 568 314 629; x_wconf 84' lang='lat' dir='ltr'>Sed</span> <span class='ocrx_word' id='word_1_23' title='bbox 337 571 364 627; x_wconf 91' lang='lat' dir='ltr'>si</span> <span class='ocrx_word' id='word_1_24' title='bbox 387 571 538 646; x_wconf 67' lang='lat' dir='ltr'>corruptio</span> <span class='ocrx_word' id='word_1_25' title='bbox 560 570 681 646; x_wconf 78' lang='lat' dir='ltr'>irrepsit</span> <span class='ocrx_word' id='word_1_26' title='bbox 701 570 820 630; x_wconf 92' lang='lat' dir='ltr'>nomine</span> <span class='ocrx_word' id='word_1_27' title='bbox 843 572 1052 647; x_wconf 79' lang='lat' dir='ltr'>miserationis,</span> <span class='ocrx_word' id='word_1_28' title='bbox 1075 592 1110 632; x_wconf 90' lang='lat' dir='ltr'>ea</span> 
     </span>
    </p>
   </div>
   <div class='ocr_carea' id='block_1_3' title="bbox 254 659 1112 1091">
    <p class='ocr_par' dir='ltr' id='par_1_3' title="bbox 254 659 1112 1091">
     <span class='ocr_line' id='line_1_6' title="bbox 256 659 1109 733; baseline 0.004 -15"><span class='ocrx_word' id='word_1_29' title='bbox 256 662 335 718; x_wconf 88' lang='lat' dir='ltr'>certe</span> <span class='ocrx_word' id='word_1_30' title='bbox 367 659 521 718; x_wconf 78' lang='lat' dir='ltr'>miseratio</span> <span class='ocrx_word' id='word_1_31' title='bbox 551 659 637 718; x_wconf 86' lang='lat' dir='ltr'>nulla</span> <span class='ocrx_word' id='word_1_32' title='bbox 664 663 722 733; x_wconf 86' lang='lat' dir='ltr'>est,</span> <span class='ocrx_word' id='word_1_33' title='bbox 749 661 841 719; x_wconf 91' lang='lat' dir='ltr'>immo</span> <span class='ocrx_word' id='word_1_34' title='bbox 868 660 945 720; x_wconf 85' lang='lat' dir='ltr'>falsa</span> <span class='ocrx_word' id='word_1_35' title='bbox 972 679 1007 720; x_wconf 88' lang='lat' dir='ltr'>ao</span> <span class='ocrx_word' id='word_1_36' title='bbox 1029 661 1109 721; x_wconf 88' lang='lat' dir='ltr'>dete·</span> 
     </span>
     <span class='ocr_line' id='line_1_7' title="bbox 255 747 1111 811; baseline 0.004 -3"><span class='ocrx_word' id='word_1_37' title='bbox 255 747 363 808; x_wconf 84' lang='lat' dir='ltr'>standa</span> <span class='ocrx_word' id='word_1_38' title='bbox 382 750 435 807; x_wconf 89' lang='lat' dir='ltr'>eat.</span> <span class='ocrx_word' id='word_1_39' title='bbox 471 747 529 806; x_wconf 84' lang='lat' dir='ltr'>Sed</span> <span class='ocrx_word' id='word_1_40' title='bbox 548 749 638 807; x_wconf 88' lang='lat' dir='ltr'>etiam</span> <span class='ocrx_word' id='word_1_41' title='bbox 657 749 775 807; x_wconf 88' lang='lat' dir='ltr'>iustitia</span> <span class='ocrx_word' id='word_1_42' title='bbox 797 749 928 809; x_wconf 86' lang='lat' dir='ltr'>severius</span> <span class='ocrx_word' id='word_1_43' title='bbox 948 752 1111 811; x_wconf 83' lang='lat' dir='ltr'>exercitata</span> 
     </span>
     <span class='ocr_line' id='line_1_8' title="bbox 256 837 1111 915; baseline 0.004 -20"><span class='ocrx_word' id='word_1_44' title='bbox 256 856 346 912; x_wconf 91' lang='lat' dir='ltr'>quam</span> <span class='ocrx_word' id='word_1_45' title='bbox 374 838 413 911; x_wconf 88' lang='lat' dir='ltr'>is,</span> <span class='ocrx_word' id='word_1_46' title='bbox 445 838 496 914; x_wconf 90' lang='lat' dir='ltr'>qui</span> <span class='ocrx_word' id='word_1_47' title='bbox 525 837 673 913; x_wconf 85' lang='lat' dir='ltr'>peccavit,</span> <span class='ocrx_word' id='word_1_48' title='bbox 701 838 905 913; x_wconf 75' lang='lat' dir='ltr'>exspectabat,</span> <span class='ocrx_word' id='word_1_49' title='bbox 934 841 964 897; x_wconf 89' lang='lat' dir='ltr'>et</span> <span class='ocrx_word' id='word_1_50' title='bbox 990 840 1023 898; x_wconf 94' lang='lat' dir='ltr'>in</span> <span class='ocrx_word' id='word_1_51' title='bbox 1051 859 1111 915; x_wconf 91' lang='lat' dir='ltr'>qua</span> 
     </span>
     <span class='ocr_line' id='line_1_9' title="bbox 254 925 1112 1006; baseline 0.002 -22"><span class='ocrx_word' id='word_1_52' title='bbox 254 926 349 986; x_wconf 87' lang='lat' dir='ltr'>inesse</span> <span class='ocrx_word' id='word_1_53' title='bbox 373 925 580 986; x_wconf 76' lang='lat' dir='ltr'>crudelitatem</span> <span class='ocrx_word' id='word_1_54' title='bbox 604 930 634 985; x_wconf 89' lang='lat' dir='ltr'>et</span> <span class='ocrx_word' id='word_1_55' title='bbox 656 927 843 986; x_wconf 78' lang='lat' dir='ltr'>iracundiam</span> <span class='ocrx_word' id='word_1_56' title='bbox 865 927 956 1001; x_wconf 87' lang='lat' dir='ltr'>dicas,</span> <span class='ocrx_word' id='word_1_57' title='bbox 979 929 1112 1006; x_wconf 79' lang='lat' dir='ltr'>graviter</span> 
     </span>
     <span class='ocr_line' id='line_1_10' title="bbox 256 1015 531 1091; baseline -0.004 -17"><span class='ocrx_word' id='word_1_58' title='bbox 256 1015 456 1091; x_wconf 85' lang='lat' dir='ltr'>vituperanda</span> <span class='ocrx_word' id='word_1_59' title='bbox 478 1019 531 1074; x_wconf 88' lang='lat' dir='ltr'>est.</span> 
     </span>
    </p>
   </div>
   <div class='ocr_carea' id='block_1_4' title="bbox 90 1149 1112 1862">
    <p class='ocr_par' dir='ltr' id='par_1_4' title="bbox 90 1149 1112 1862">
     <span class='ocr_line' id='line_1_11' title="bbox 166 1149 1110 1220; baseline 0.004 -18"><span class='ocrx_word' id='word_1_60' title='bbox 166 1150 268 1204; x_wconf 82' lang='lat' dir='ltr'>Anton.</span> <span class='ocrx_word' id='word_1_61' title='bbox 289 1154 314 1216; x_wconf 88' lang='grc'>8,</span> <span class='ocrx_word' id='word_1_62' title='bbox 330 1154 435 1204; x_wconf 84' lang='grc'>13-30</span> <span class='ocrx_word' id='word_1_63' title='bbox 454 1151 508 1219; x_wconf 74' lang='lat' dir='ltr'>(li,</span> <span class='ocrx_word' id='word_1_64' title='bbox 528 1155 633 1204; x_wconf 75' lang='lat'>12-26</span> <span class='ocrx_word' id='word_1_65' title='bbox 648 1149 685 1219; x_wconf 82' lang='lat' dir='ltr'>S).</span> <span class='ocrx_word' id='word_1_66' title='bbox 722 1149 843 1220; x_wconf 83' lang='lat' dir='ltr'>Reliqua</span> <span class='ocrx_word' id='word_1_67' title='bbox 861 1149 945 1205; x_wconf 85' lang='lat' dir='ltr'>huius</span> <span class='ocrx_word' id='word_1_68' title='bbox 964 1151 1066 1220; x_wconf 87' lang='lat' dir='ltr'>capitis</span> <span class='ocrx_word' id='word_1_69' title='bbox 1085 1157 1110 1217; x_wconf 84' lang='lat'>8,</span> 
     </span>
     <span class='ocr_line' id='line_1_12' title="bbox 93 1220 1110 1290; baseline 0.002 -14"><span class='ocrx_word' id='word_1_70' title='bbox 93 1225 201 1276; x_wconf 80' lang='grc'>30-33</span> <span class='ocrx_word' id='word_1_71' title='bbox 220 1223 279 1290; x_wconf 78' lang='grc'>(17,</span> <span class='ocrx_word' id='word_1_72' title='bbox 293 1225 398 1274; x_wconf 75' lang='lat'><strong>26-29</strong></span> <span class='ocrx_word' id='word_1_73' title='bbox 418 1220 447 1290; x_wconf 82' lang='lat' dir='ltr'>S)</span> <span class='ocrx_word' id='word_1_74' title='bbox 465 1220 583 1274; x_wconf 83' lang='lat' dir='ltr'>Antonii</span> <span class='ocrx_word' id='word_1_75' title='bbox 603 1224 680 1289; x_wconf 83' lang='lat' dir='ltr'>sunt,</span> <span class='ocrx_word' id='word_1_76' title='bbox 704 1221 753 1289; x_wconf 90' lang='lat' dir='ltr'>qui</span> <span class='ocrx_word' id='word_1_77' title='bbox 776 1221 835 1276; x_wconf 85' lang='lat' dir='ltr'>auis</span> <span class='ocrx_word' id='word_1_78' title='bbox 858 1220 950 1277; x_wconf 86' lang='lat' dir='ltr'>verbis</span> <span class='ocrx_word' id='word_1_79' title='bbox 969 1221 1110 1278; x_wconf 83' lang='lat' dir='ltr'>Ciceronis</span> 
     </span>
     <span class='ocr_line' id='line_1_13' title="bbox 93 1291 1112 1364; baseline 0 -16"><span class='ocrx_word' id='word_1_80' title='bbox 93 1292 250 1348; x_wconf 69' lang='lat' dir='ltr'>mutantias</span> <span class='ocrx_word' id='word_1_81' title='bbox 271 1291 426 1346; x_wconf 80' lang='lat' dir='ltr'>confirmat.</span> <span class='ocrx_word' id='word_1_82' title='bbox 462 1292 730 1348; x_wconf 81' lang='lat' dir='ltr'>Annominationem</span> <span class='ocrx_word' id='word_1_83' title='bbox 753 1295 849 1348; x_wconf 86' lang='lat' dir='ltr'>autam</span> <span class='ocrx_word' id='word_1_84' title='bbox 871 1291 951 1346; x_wconf 89' lang='lat' dir='ltr'>illam</span> <span class='ocrx_word' id='word_1_85' title='bbox 969 1294 1036 1350; x_wconf 63' lang='lat' dir='ltr'>deret</span> <span class='ocrx_word' id='word_1_86' title='bbox 1054 1312 1112 1364; x_wconf 78' lang='lat' dir='ltr'>par</span> 
     </span>
     <span class='ocr_line' id='line_1_14' title="bbox 93 1364 1112 1504; baseline 0.003 -14"><span class='ocrx_word' id='word_1_87' title='bbox 93 1364 1112 1504; x_wconf 47' lang='lat' dir='ltr'>summissus</span> 
     </span>
     <span class='ocr_line' id='line_1_15' title="bbox 94 1505 1112 1579; baseline 0.003 -18"><span class='ocrx_word' id='word_1_88' title='bbox 94 1505 241 1562; x_wconf 81' lang='lat' dir='ltr'>conferens</span> <span class='ocrx_word' id='word_1_89' title='bbox 260 1505 382 1561; x_wconf 81' lang='lat' dir='ltr'>similem</span> <span class='ocrx_word' id='word_1_90' title='bbox 400 1522 473 1576; x_wconf 89' lang='lat' dir='ltr'>qnae</span> <span class='ocrx_word' id='word_1_91' title='bbox 491 1505 597 1576; x_wconf 79' lang='lat' dir='ltr'>legitur</span> <span class='ocrx_word' id='word_1_92' title='bbox 615 1506 650 1560; x_wconf 86' lang='lat' dir='ltr'>de</span> <span class='ocrx_word' id='word_1_93' title='bbox 670 1505 716 1562; x_wconf 86' lang='lat' dir='ltr'>off.</span> <span class='ocrx_word' id='word_1_94' title='bbox 734 1505 748 1560; x_wconf 95' lang='grc' dir='ltr'>Ι</span> <span class='ocrx_word' id='word_1_95' title='bbox 766 1512 812 1561; x_wconf 78' lang='lat'>23:</span> <span class='ocrx_word' id='word_1_96' title='bbox 844 1509 918 1579; x_wconf 73' lang='lat' dir='ltr'>stio</span> <span class='ocrx_word' id='word_1_97' title='bbox 938 1508 1019 1575; x_wconf 70' lang='lat' dir='ltr'>‘fiat’</span> <span class='ocrx_word' id='word_1_98' title='bbox 1039 1511 1112 1578; x_wconf 77' lang='lat' dir='ltr'>quod</span> 
     </span>
     <span class='ocr_line' id='line_1_16' title="bbox 93 1576 1112 1648; baseline 0.001 -15"><span class='ocrx_word' id='word_1_99' title='bbox 93 1579 199 1633; x_wconf 70' lang='lat' dir='ltr'>dicum</span> <span class='ocrx_word' id='word_1_100' title='bbox 230 1585 277 1644; x_wconf 83' lang='lat' dir='ltr'>eat,</span> <span class='ocrx_word' id='word_1_101' title='bbox 310 1579 451 1648; x_wconf 77' lang='lat' dir='ltr'>appellato</span> <span class='ocrx_word' id='word_1_102' title='bbox 482 1579 556 1645; x_wconf 77' lang='lat' dir='ltr'>fides</span> <span class='ocrx_word' id='word_1_103' title='bbox 608 1576 663 1632; x_wconf 81' lang='lat' dir='ltr'>Sed</span> <span class='ocrx_word' id='word_1_104' title='bbox 695 1594 867 1648; x_wconf 79' lang='lat' dir='ltr'>magnopere</span> <span class='ocrx_word' id='word_1_105' title='bbox 899 1577 1012 1646; x_wconf 84' lang='lat' dir='ltr'>dubito,</span> <span class='ocrx_word' id='word_1_106' title='bbox 1044 1597 1112 1634; x_wconf 90' lang='lat' dir='ltr'>nnm</span> 
     </span>
     <span class='ocr_line' id='line_1_17' title="bbox 94 1647 1112 1719; baseline 0.004 -17"><span class='ocrx_word' id='word_1_107' title='bbox 94 1647 236 1704; x_wconf 87' lang='lat' dir='ltr'>Ciceronis</span> <span class='ocrx_word' id='word_1_108' title='bbox 260 1649 310 1715; x_wconf 79' lang='lat' dir='ltr'>sit,</span> <span class='ocrx_word' id='word_1_109' title='bbox 337 1665 424 1718; x_wconf 86' lang='lat' dir='ltr'>qnare</span> <span class='ocrx_word' id='word_1_110' title='bbox 448 1665 510 1704; x_wconf 91' lang='lat' dir='ltr'>eam</span> <span class='ocrx_word' id='word_1_111' title='bbox 532 1648 564 1702; x_wconf 90' lang='lat' dir='ltr'>in</span> <span class='ocrx_word' id='word_1_112' title='bbox 585 1651 695 1704; x_wconf 85' lang='lat' dir='ltr'>textum</span> <span class='ocrx_word' id='word_1_113' title='bbox 718 1649 842 1719; x_wconf 85' lang='lat' dir='ltr'>recipere</span> <span class='ocrx_word' id='word_1_114' title='bbox 864 1649 951 1704; x_wconf 87' lang='lat' dir='ltr'>nolui.</span> <span class='ocrx_word' id='word_1_115' title='bbox 989 1650 1033 1704; x_wconf 80' lang='lat' dir='ltr'>Ad</span> <span class='ocrx_word' id='word_1_116' title='bbox 1052 1668 1112 1706; x_wconf 87' lang='lat' dir='ltr'>rem</span> 
     </span>
     <span class='ocr_line' id='line_1_18' title="bbox 93 1719 1112 1789; baseline 0.005 -16"><span class='ocrx_word' id='word_1_117' title='bbox 93 1736 158 1776; x_wconf 86' lang='lat' dir='ltr'>vero</span> <span class='ocrx_word' id='word_1_118' title='bbox 186 1720 282 1775; x_wconf 85' lang='lat' dir='ltr'>videas</span> <span class='ocrx_word' id='word_1_119' title='bbox 310 1720 345 1775; x_wconf 88' lang='lat' dir='ltr'>de</span> <span class='ocrx_word' id='word_1_120' title='bbox 364 1719 410 1774; x_wconf 86' lang='lat' dir='ltr'>off.</span> <span class='ocrx_word' id='word_1_121' title='bbox 430 1720 442 1776; x_wconf 95' lang='lat' dir='ltr'>I</span> <span class='ocrx_word' id='word_1_122' title='bbox 461 1726 495 1775; x_wconf 85' lang='grc'>88</span> <span class='ocrx_word' id='word_1_123' title='bbox 514 1738 588 1789; x_wconf 83' lang='lat' dir='ltr'>sqq.;</span> <span class='ocrx_word' id='word_1_124' title='bbox 612 1721 697 1775; x_wconf 82' lang='lat'><strong>133:</strong></span> <span class='ocrx_word' id='word_1_125' title='bbox 730 1722 785 1776; x_wconf 82' lang='lat' dir='ltr'>Eat</span> <span class='ocrx_word' id='word_1_126' title='bbox 811 1722 884 1777; x_wconf 76' lang='lat' dir='ltr'>enim</span> <span class='ocrx_word' id='word_1_127' title='bbox 911 1723 1060 1778; x_wconf 66' lang='lat' dir='ltr'>cameos·</span> <span class='ocrx_word' id='word_1_128' title='bbox 1087 1731 1112 1778; x_wconf 81' lang='lat' dir='ltr'>et</span> 
     </span>
     <span class='ocr_line' id='line_1_19' title="bbox 90 1793 352 1862; baseline -0.008 -14"><span class='ocrx_word' id='word_1_129' title='bbox 90 1793 231 1862; x_wconf 65' lang='lat' dir='ltr'>mendi</span> <span class='ocrx_word' id='word_1_130' title='bbox 247 1793 352 1847; x_wconf 83' lang='lat' dir='ltr'>modus.</span> 
     </span>
    </p>
   </div>
   <div class='ocr_carea' id='block_1_5' title="bbox 596 2017 614 2073">
    <p class='ocr_par' dir='ltr' id='par_1_5' title="bbox 596 2017 614 2073">
     <span class='ocr_line' id='line_1_20' title="bbox 596 2017 614 2073; baseline 0 0"><span class='ocrx_word' id='word_1_131' title='bbox 596 2017 614 2073; x_wconf 85' lang='lat'><strong>9</strong></span> 
     </span>
    </p>
   </div>
   <div class='ocr_carea' id='block_1_6' title="bbox 254 2139 1112 2747">
    <p class='ocr_par' dir='ltr' id='par_1_6' title="bbox 254 2139 1112 2747">
     <span class='ocr_line' id='line_1_21' title="bbox 323 2139 1112 2214; baseline 0.005 -18"><span class='ocrx_word' id='word_1_132' title='bbox 323 2140 395 2198; x_wconf 76' lang='lat' dir='ltr'>Paci</span> <span class='ocrx_word' id='word_1_133' title='bbox 416 2157 528 2214; x_wconf 72' lang='lat' dir='ltr'>seraper</span> <span class='ocrx_word' id='word_1_134' title='bbox 551 2141 592 2198; x_wconf 84' lang='lat' dir='ltr'>eat</span> <span class='ocrx_word' id='word_1_135' title='bbox 613 2140 828 2198; x_wconf 72' lang='lat' dir='ltr'>consulendam.</span> <span class='ocrx_word' id='word_1_136' title='bbox 874 2139 993 2199; x_wconf 80' lang='lat' dir='ltr'>Bellum</span> <span class='ocrx_word' id='word_1_137' title='bbox 1015 2144 1112 2200; x_wconf 77' lang='lat' dir='ltr'>autem</span> 
     </span>
     <span class='ocr_line' id='line_1_22' title="bbox 254 2227 1111 2304; baseline 0.001 -17"><span class='ocrx_word' id='word_1_138' title='bbox 254 2230 297 2287; x_wconf 82' lang='lat' dir='ltr'>ita</span> <span class='ocrx_word' id='word_1_139' title='bbox 319 2230 511 2303; x_wconf 63' lang='lat' dir='ltr'>serapim,</span> <span class='ocrx_word' id='word_1_140' title='bbox 538 2232 572 2287; x_wconf 84' lang='lat' dir='ltr'>ct</span> <span class='ocrx_word' id='word_1_141' title='bbox 596 2229 673 2287; x_wconf 75' lang='lat' dir='ltr'>nibil</span> <span class='ocrx_word' id='word_1_142' title='bbox 699 2227 784 2288; x_wconf 80' lang='lat' dir='ltr'>aliud</span> <span class='ocrx_word' id='word_1_143' title='bbox 809 2230 871 2288; x_wconf 76' lang='lat' dir='ltr'>niet</span> <span class='ocrx_word' id='word_1_144' title='bbox 891 2247 957 2303; x_wconf 78' lang='lat' dir='ltr'>poe</span> <span class='ocrx_word' id='word_1_145' title='bbox 978 2232 1111 2304; x_wconf 66' lang='lat' dir='ltr'>quamdo</span> 
     </span>
     <span class='ocr_line' id='line_1_23' title="bbox 254 2318 1110 2391; baseline -0.001 -15"><span class='ocrx_word' id='word_1_146' title='bbox 254 2319 397 2376; x_wconf 79' lang='lat' dir='ltr'>videatur.</span> <span class='ocrx_word' id='word_1_147' title='bbox 442 2318 545 2377; x_wconf 77' lang='lat' dir='ltr'>Multo</span> <span class='ocrx_word' id='word_1_148' title='bbox 571 2319 648 2376; x_wconf 72' lang='lat' dir='ltr'>eoba</span> <span class='ocrx_word' id='word_1_149' title='bbox 677 2335 712 2376; x_wconf 78' lang='lat' dir='ltr'>ea</span> <span class='ocrx_word' id='word_1_150' title='bbox 732 2335 810 2391; x_wconf 80' lang='lat' dir='ltr'>poce</span> <span class='ocrx_word' id='word_1_151' title='bbox 835 2322 1000 2378; x_wconf 73' lang='lat' dir='ltr'>ncemmtur</span> <span class='ocrx_word' id='word_1_152' title='bbox 1026 2319 1110 2378; x_wconf 73' lang='lat' dir='ltr'>bono.</span> 
     </span>
     <span class='ocr_line' id='line_1_24' title="bbox 254 2405 1112 2481; baseline 0.002 -17"><span class='ocrx_word' id='word_1_153' title='bbox 254 2405 312 2465; x_wconf 83' lang='lat' dir='ltr'>Sed</span> <span class='ocrx_word' id='word_1_154' title='bbox 335 2407 405 2466; x_wconf 82' lang='lat' dir='ltr'>bello</span> <span class='ocrx_word' id='word_1_155' title='bbox 428 2407 537 2466; x_wconf 69' lang='lat' dir='ltr'>malm</span> <span class='ocrx_word' id='word_1_156' title='bbox 556 2407 643 2465; x_wconf 76' lang='lat' dir='ltr'>urbes</span> <span class='ocrx_word' id='word_1_157' title='bbox 661 2409 792 2466; x_wconf 72' lang='lat' dir='ltr'>mosim</span> <span class='ocrx_word' id='word_1_158' title='bbox 810 2408 981 2467; x_wconf 78' lang='lat' dir='ltr'>detrimento</span> <span class='ocrx_word' id='word_1_159' title='bbox 998 2425 1112 2481; x_wconf 77' lang='lat' dir='ltr'>aecepe-</span> 
     </span>
     <span class='ocr_line' id='line_1_25' title="bbox 255 2495 1111 2568; baseline 0.004 -15"><span class='ocrx_word' id='word_1_160' title='bbox 255 2501 325 2554; x_wconf 74' lang='lat' dir='ltr'>ruest</span> <span class='ocrx_word' id='word_1_161' title='bbox 347 2495 391 2554; x_wconf 79' lang='lat' dir='ltr'>uel</span> <span class='ocrx_word' id='word_1_162' title='bbox 419 2499 506 2556; x_wconf 80' lang='lat' dir='ltr'>etium</span> <span class='ocrx_word' id='word_1_163' title='bbox 528 2497 689 2568; x_wconf 71' lang='lat' dir='ltr'>persecat.</span> <span class='ocrx_word' id='word_1_164' title='bbox 737 2495 835 2554; x_wconf 80' lang='lat' dir='ltr'>Teates</span> <span class='ocrx_word' id='word_1_165' title='bbox 861 2500 932 2556; x_wconf 76' lang='lat' dir='ltr'>sunt</span> <span class='ocrx_word' id='word_1_166' title='bbox 954 2495 1111 2556; x_wconf 71' lang='lat' dir='ltr'>Gorstslbus</span> 
     </span>
     <span class='ocr_line' id='line_1_26' title="bbox 254 2583 1111 2659; baseline 0.004 -17"><span class='ocrx_word' id='word_1_167' title='bbox 254 2583 386 2645; x_wconf 67' lang='lat' dir='ltr'>Arboreae</span> <span class='ocrx_word' id='word_1_168' title='bbox 415 2584 529 2645; x_wconf 65' lang='lat' dir='ltr'>Hebae</span> <span class='ocrx_word' id='word_1_169' title='bbox 559 2584 713 2658; x_wconf 74' lang='lat' dir='ltr'>Cortboyo.</span> <span class='ocrx_word' id='word_1_170' title='bbox 759 2585 856 2644; x_wconf 84' lang='lat' dir='ltr'>Romo</span> <span class='ocrx_word' id='word_1_171' title='bbox 886 2603 997 2659; x_wconf 76' lang='lat' dir='ltr'>quoque</span> <span class='ocrx_word' id='word_1_172' title='bbox 1025 2604 1111 2659; x_wconf 83' lang='lat' dir='ltr'>saepe</span> 
     </span>
     <span class='ocr_line' id='line_1_27' title="bbox 255 2673 632 2747; baseline 0 -14"><span class='ocrx_word' id='word_1_173' title='bbox 255 2673 373 2734; x_wconf 77' lang='lat' dir='ltr'>bellicae</span> <span class='ocrx_word' id='word_1_174' title='bbox 396 2675 492 2734; x_wconf 80' lang='lat' dir='ltr'>clades</span> <span class='ocrx_word' id='word_1_175' title='bbox 515 2675 632 2747; x_wconf 76' lang='lat' dir='ltr'>occepit.</span> 
     </span>
    </p>
   </div>
   <div class='ocr_carea' id='block_1_7' title="bbox 92 2806 1123 3592">
    <p class='ocr_par' dir='ltr' id='par_1_7' title="bbox 92 2806 1111 3236">
     <span class='ocr_line' id='line_1_28' title="bbox 166 2806 1109 2877; baseline 0.001 -17"><span class='ocrx_word' id='word_1_176' title='bbox 166 2808 305 2862; x_wconf 86' lang='lat' dir='ltr'>Antonius</span> <span class='ocrx_word' id='word_1_177' title='bbox 324 2807 354 2861; x_wconf 92' lang='lat' dir='ltr'>in</span> <span class='ocrx_word' id='word_1_178' title='bbox 368 2807 421 2861; x_wconf 88' lang='lat' dir='ltr'>hac</span> <span class='ocrx_word' id='word_1_179' title='bbox 436 2807 572 2877; x_wconf 83' lang='lat' dir='ltr'>ampliore</span> <span class='ocrx_word' id='word_1_180' title='bbox 587 2810 676 2876; x_wconf 85' lang='lat' dir='ltr'>parte,</span> <span class='ocrx_word' id='word_1_181' title='bbox 696 2822 751 2876; x_wconf 87' lang='lat' dir='ltr'>qua</span> <span class='ocrx_word' id='word_1_182' title='bbox 766 2806 881 2861; x_wconf 86' lang='lat' dir='ltr'>disserit</span> <span class='ocrx_word' id='word_1_183' title='bbox 894 2807 930 2861; x_wconf 88' lang='lat' dir='ltr'>de</span> <span class='ocrx_word' id='word_1_184' title='bbox 942 2823 1022 2876; x_wconf 75' lang='lat' dir='ltr'>paee,</span> <span class='ocrx_word' id='word_1_185' title='bbox 1042 2813 1109 2874; x_wconf 80' lang='lat'>10‚1</span> 
     </span>
     <span class='ocr_line' id='line_1_29' title="bbox 93 2877 1110 2949; baseline 0.002 -18"><span class='ocrx_word' id='word_1_186' title='bbox 93 2884 178 2945; x_wconf 84' lang='grc'>-14,</span> <span class='ocrx_word' id='word_1_187' title='bbox 197 2884 212 2932; x_wconf 83' lang='grc'>9</span> <span class='ocrx_word' id='word_1_188' title='bbox 233 2882 290 2948; x_wconf 77' lang='grc'>(17,</span> <span class='ocrx_word' id='word_1_189' title='bbox 305 2884 424 2946; x_wconf 77' lang='grc'>30-19,</span> <span class='ocrx_word' id='word_1_190' title='bbox 444 2886 478 2932; x_wconf 81' lang='grc'>14</span> <span class='ocrx_word' id='word_1_191' title='bbox 493 2879 521 2949; x_wconf 83' lang='lat' dir='ltr'>S)</span> <span class='ocrx_word' id='word_1_192' title='bbox 545 2877 658 2932; x_wconf 86' lang='lat' dir='ltr'>Tullum</span> <span class='ocrx_word' id='word_1_193' title='bbox 683 2881 827 2932; x_wconf 84' lang='lat' dir='ltr'>auctorem</span> <span class='ocrx_word' id='word_1_194' title='bbox 844 2895 984 2946; x_wconf 87' lang='lat' dir='ltr'>nusquam</span> <span class='ocrx_word' id='word_1_195' title='bbox 1002 2877 1110 2933; x_wconf 84' lang='lat' dir='ltr'>laudat.</span> 
     </span>
     <span class='ocr_line' id='line_1_30' title="bbox 92 2949 1111 3019; baseline 0.001 -16"><span class='ocrx_word' id='word_1_196' title='bbox 92 2950 243 3006; x_wconf 85' lang='lat' dir='ltr'>Praeterea</span> <span class='ocrx_word' id='word_1_197' title='bbox 266 2950 373 3005; x_wconf 84' lang='lat' dir='ltr'>civibus</span> <span class='ocrx_word' id='word_1_198' title='bbox 395 2951 426 3004; x_wconf 91' lang='lat' dir='ltr'>in</span> <span class='ocrx_word' id='word_1_199' title='bbox 448 2950 536 3005; x_wconf 89' lang='lat' dir='ltr'>muris</span> <span class='ocrx_word' id='word_1_200' title='bbox 560 2949 755 3005; x_wconf 84' lang='lat' dir='ltr'>excubandum</span> <span class='ocrx_word' id='word_1_201' title='bbox 779 2954 906 3017; x_wconf 76' lang='lat' dir='ltr'>anselo,</span> <span class='ocrx_word' id='word_1_202' title='bbox 927 2955 1032 3019; x_wconf 79' lang='lat' dir='ltr'>14sqq.</span> <span class='ocrx_word' id='word_1_203' title='bbox 1056 2953 1111 3018; x_wconf 86' lang='grc'>(18,</span> 
     </span>
     <span class='ocr_line' id='line_1_31' title="bbox 93 3019 1110 3090; baseline 0.001 -17"><span class='ocrx_word' id='word_1_204' title='bbox 93 3027 181 3089; x_wconf 76' lang='lat' dir='ltr'>2sqq.</span> <span class='ocrx_word' id='word_1_205' title='bbox 193 3019 222 3090; x_wconf 83' lang='lat' dir='ltr'>S)</span> <span class='ocrx_word' id='word_1_206' title='bbox 240 3021 330 3076; x_wconf 84' lang='lat' dir='ltr'>fusius</span> <span class='ocrx_word' id='word_1_207' title='bbox 344 3025 449 3089; x_wconf 77' lang='lat' dir='ltr'>narrat,</span> <span class='ocrx_word' id='word_1_208' title='bbox 469 3021 544 3089; x_wconf 89' lang='lat' dir='ltr'>quod</span> <span class='ocrx_word' id='word_1_209' title='bbox 562 3021 655 3075; x_wconf 86' lang='lat' dir='ltr'>facere</span> <span class='ocrx_word' id='word_1_210' title='bbox 670 3021 725 3075; x_wconf 86' lang='lat' dir='ltr'>civi</span> <span class='ocrx_word' id='word_1_211' title='bbox 738 3021 864 3075; x_wconf 89' lang='lat' dir='ltr'>Romano</span> <span class='ocrx_word' id='word_1_212' title='bbox 883 3029 953 3090; x_wconf 83' lang='lat' dir='ltr'>opn&#39;s</span> <span class='ocrx_word' id='word_1_213' title='bbox 970 3037 1027 3074; x_wconf 94' lang='lat' dir='ltr'>non</span> <span class='ocrx_word' id='word_1_214' title='bbox 1042 3026 1110 3075; x_wconf 89' lang='lat' dir='ltr'>erat.</span> 
     </span>
     <span class='ocr_line' id='line_1_32' title="bbox 92 3091 1110 3163; baseline 0.001 -18"><span class='ocrx_word' id='word_1_215' title='bbox 92 3091 156 3146; x_wconf 82' lang='lat' dir='ltr'>Huc</span> <span class='ocrx_word' id='word_1_216' title='bbox 179 3110 243 3146; x_wconf 89' lang='lat' dir='ltr'>oum</span> <span class='ocrx_word' id='word_1_217' title='bbox 266 3093 395 3160; x_wconf 84' lang='lat' dir='ltr'>accedat,</span> <span class='ocrx_word' id='word_1_218' title='bbox 419 3093 494 3163; x_wconf 89' lang='lat' dir='ltr'>quod</span> <span class='ocrx_word' id='word_1_219' title='bbox 512 3093 651 3147; x_wconf 77' lang='lat' dir='ltr'>Antonius</span> <span class='ocrx_word' id='word_1_220' title='bbox 670 3091 838 3162; x_wconf 83' lang='lat' dir='ltr'>compluries</span> <span class='ocrx_word' id='word_1_221' title='bbox 861 3092 1016 3146; x_wconf 89' lang='lat' dir='ltr'>sententias</span> <span class='ocrx_word' id='word_1_222' title='bbox 1036 3097 1110 3147; x_wconf 87' lang='lat' dir='ltr'>certe</span> 
     </span>
     <span class='ocr_line' id='line_1_33' title="bbox 92 3163 1111 3236; baseline 0.001 -19"><span class='ocrx_word' id='word_1_223' title='bbox 92 3179 159 3218; x_wconf 86' lang='lat' dir='ltr'>suas</span> <span class='ocrx_word' id='word_1_224' title='bbox 175 3164 309 3232; x_wconf 86' lang='lat' dir='ltr'>proferat,</span> <span class='ocrx_word' id='word_1_225' title='bbox 327 3163 412 3236; x_wconf 86' lang='lat' dir='ltr'>longe</span> <span class='ocrx_word' id='word_1_226' title='bbox 425 3164 547 3233; x_wconf 88' lang='lat' dir='ltr'>amplior</span> <span class='ocrx_word' id='word_1_227' title='bbox 560 3164 644 3219; x_wconf 86' lang='lat' dir='ltr'>huius</span> <span class='ocrx_word' id='word_1_228' title='bbox 663 3163 765 3232; x_wconf 85' lang='lat' dir='ltr'>capitis</span> <span class='ocrx_word' id='word_1_229' title='bbox 783 3181 848 3232; x_wconf 87' lang='lat' dir='ltr'>pars</span> <span class='ocrx_word' id='word_1_230' title='bbox 863 3163 899 3217; x_wconf 93' lang='lat' dir='ltr'>ab</span> <span class='ocrx_word' id='word_1_231' title='bbox 914 3164 1037 3218; x_wconf 87' lang='lat' dir='ltr'>Antonio</span> <span class='ocrx_word' id='word_1_232' title='bbox 1056 3165 1111 3218; x_wconf 89' lang='lat' dir='ltr'>ori-</span> 
     </span>
    </p>

    <p class='ocr_par' dir='ltr' id='par_1_8' title="bbox 115 3233 1111 3290">
     <span class='ocr_line' id='line_1_34' title="bbox 115 3233 1111 3290; baseline -0.001 -1"><span class='ocrx_word' id='word_1_233' title='bbox 115 3235 121 3246; x_wconf 86' lang='lat'>&#39;</span> <span class='ocrx_word' id='word_1_234' title='bbox 143 3250 189 3289; x_wconf 90' lang='lat' dir='ltr'>em</span> <span class='ocrx_word' id='word_1_235' title='bbox 212 3236 313 3290; x_wconf 88' lang='lat' dir='ltr'>ducere</span> <span class='ocrx_word' id='word_1_236' title='bbox 336 3236 407 3290; x_wconf 90' lang='lat' dir='ltr'>mibi</span> <span class='ocrx_word' id='word_1_237' title='bbox 430 3236 547 3290; x_wconf 87' lang='lat' dir='ltr'>videtur.</span> <span class='ocrx_word' id='word_1_238' title='bbox 584 3237 719 3290; x_wconf 82' lang='lat' dir='ltr'>Attamen</span> <span class='ocrx_word' id='word_1_239' title='bbox 742 3252 806 3289; x_wconf 90' lang='lat' dir='ltr'>eum</span> <span class='ocrx_word' id='word_1_240' title='bbox 825 3233 986 3290; x_wconf 83' lang='lat' dir='ltr'>Ciceronem</span> <span class='ocrx_word' id='word_1_241' title='bbox 1006 3234 1111 3288; x_wconf 88' lang='lat' dir='ltr'>similia</span> 
     </span>
    </p>

    <p class='ocr_par' dir='ltr' id='par_1_9' title="bbox 92 3306 1123 3592">
     <span class='ocr_line' id='line_1_35' title="bbox 152 3306 1110 3376; baseline -0.001 -16"><span class='ocrx_word' id='word_1_242' title='bbox 152 3323 223 3374; x_wconf 85' lang='lat' dir='ltr'>pace</span> <span class='ocrx_word' id='word_1_243' title='bbox 246 3307 387 3362; x_wconf 88' lang='lat' dir='ltr'>censuisse</span> <span class='ocrx_word' id='word_1_244' title='bbox 411 3325 496 3376; x_wconf 90' lang='lat' dir='ltr'>supra</span> <span class='ocrx_word' id='word_1_245' title='bbox 517 3324 544 3376; x_wconf 91' lang='lat' dir='ltr'>p.</span> <span class='ocrx_word' id='word_1_246' title='bbox 565 3312 598 3360; x_wconf 88' lang='grc'>61</span> <span class='ocrx_word' id='word_1_247' title='bbox 623 3306 919 3373; x_wconf 83' lang='lat' dir='ltr'>demonstraverimus,</span> <span class='ocrx_word' id='word_1_248' title='bbox 942 3306 989 3360; x_wconf 87' lang='lat' dir='ltr'>hio</span> <span class='ocrx_word' id='word_1_249' title='bbox 1011 3323 1110 3375; x_wconf 87' lang='lat' dir='ltr'>paoem</span> 
     </span>
     <span class='ocr_line' id='line_1_36' title="bbox 92 3377 1110 3447; baseline 0.001 -17"><span class='ocrx_word' id='word_1_250' title='bbox 92 3394 204 3447; x_wconf 88' lang='lat' dir='ltr'>quoque</span> <span class='ocrx_word' id='word_1_251' title='bbox 228 3378 264 3432; x_wconf 87' lang='lat' dir='ltr'>ab</span> <span class='ocrx_word' id='word_1_252' title='bbox 283 3396 316 3434; x_wconf 87' lang='lat' dir='ltr'>eo</span> <span class='ocrx_word' id='word_1_253' title='bbox 339 3381 492 3433; x_wconf 86' lang='lat' dir='ltr'>tractatam</span> <span class='ocrx_word' id='word_1_254' title='bbox 517 3377 604 3433; x_wconf 82' lang='lat' dir='ltr'>fnisse</span> <span class='ocrx_word' id='word_1_255' title='bbox 626 3381 732 3446; x_wconf 88' lang='lat' dir='ltr'>putem.</span> <span class='ocrx_word' id='word_1_256' title='bbox 769 3377 898 3432; x_wconf 79' lang='lat' dir='ltr'>Fortasse</span> <span class='ocrx_word' id='word_1_257' title='bbox 917 3378 993 3431; x_wconf 90' lang='lat' dir='ltr'>enim</span> <span class='ocrx_word' id='word_1_258' title='bbox 1011 3393 1110 3447; x_wconf 88' lang='lat' dir='ltr'>pacem</span> 
     </span>
     <span class='ocr_line' id='line_1_37' title="bbox 92 3447 1110 3520; baseline 0.001 -18"><span class='ocrx_word' id='word_1_259' title='bbox 92 3448 233 3518; x_wconf 85' lang='lat' dir='ltr'>proficisci</span> <span class='ocrx_word' id='word_1_260' title='bbox 247 3449 283 3504; x_wconf 90' lang='lat' dir='ltr'>ab</span> <span class='ocrx_word' id='word_1_261' title='bbox 297 3451 409 3505; x_wconf 89' lang='lat' dir='ltr'>iustitia</span> <span class='ocrx_word' id='word_1_262' title='bbox 422 3451 502 3504; x_wconf 88' lang='lat' dir='ltr'>dixit.</span> <span class='ocrx_word' id='word_1_263' title='bbox 523 3449 682 3504; x_wconf 87' lang='lat' dir='ltr'>Sententiae</span> <span class='ocrx_word' id='word_1_264' title='bbox 692 3449 781 3520; x_wconf 79' lang='lat' dir='ltr'>igitur</span> <span class='ocrx_word' id='word_1_265' title='bbox 789 3447 986 3502; x_wconf 80' lang='lat' dir='ltr'>Ciceronianae</span> <span class='ocrx_word' id='word_1_266' title='bbox 996 3448 1110 3503; x_wconf 84' lang='lat' dir='ltr'>subesse</span> 
     </span>
     <span class='ocr_line' id='line_1_38' title="bbox 92 3519 1123 3592; baseline -0.007 -19"><span class='ocrx_word' id='word_1_267' title='bbox 92 3524 173 3590; x_wconf 89' lang='lat' dir='ltr'>puto,</span> <span class='ocrx_word' id='word_1_268' title='bbox 190 3521 240 3574; x_wconf 90' lang='lat' dir='ltr'>sed</span> <span class='ocrx_word' id='word_1_269' title='bbox 254 3521 298 3575; x_wconf 86' lang='lat' dir='ltr'>hia</span> <span class='ocrx_word' id='word_1_270' title='bbox 311 3522 452 3576; x_wconf 89' lang='lat' dir='ltr'>Antonius</span> <span class='ocrx_word' id='word_1_271' title='bbox 467 3519 608 3592; x_wconf 87' lang='lat' dir='ltr'>permulta</span> <span class='ocrx_word' id='word_1_272' title='bbox 623 3523 672 3575; x_wconf 85' lang='lat' dir='ltr'>sed</span> <span class='ocrx_word' id='word_1_273' title='bbox 687 3538 737 3574; x_wconf 85' lang='lat' dir='ltr'>sua</span> <span class='ocrx_word' id='word_1_274' title='bbox 751 3519 838 3574; x_wconf 86' lang='lat' dir='ltr'>verba</span> <span class='ocrx_word' id='word_1_275' title='bbox 851 3520 976 3573; x_wconf 76' lang='lat' dir='ltr'>addidit.</span> <span class='ocrx_word' id='word_1_276' title='bbox 1003 3519 1123 3580; x_wconf 56' lang='lat' dir='ltr'>&lt;inim</span> 
     </span>
    </p>
   </div>
   <div class='ocr_carea' id='block_1_8' title="bbox 148 3610 977 3675">
    <p class='ocr_par' dir='ltr' id='par_1_10' title="bbox 148 3610 977 3675">
     <span class='ocr_line' id='line_1_39' title="bbox 148 3610 977 3675; baseline 0.01 -16"><span class='ocrx_word' id='word_1_277' title='bbox 148 3619 227 3668; x_wconf 72' lang='lat' dir='ltr'>suppl.</span> <span class='ocrx_word' id='word_1_278' title='bbox 239 3620 338 3661; x_wconf 80' lang='lat' dir='ltr'>ciceron.</span> <span class='ocrx_word' id='word_1_279' title='bbox 354 3621 389 3662; x_wconf 85' lang='lat' dir='ltr'>ed.</span> <span class='ocrx_word' id='word_1_280' title='bbox 400 3623 608 3675; x_wconf 73' lang='lat' dir='ltr'>Knoelllnger.</span> <span class='ocrx_word' id='word_1_281' title='bbox 957 3610 977 3654; x_wconf 49' lang='grc' dir='ltr'>ἦ</span> 
     </span>
    </p>
   </div>
   <div class='ocr_carea' id='block_1_9' title="bbox 1199 3644 1210 3721">
    <p class='ocr_par' dir='ltr' id='par_1_11' title="bbox 1199 3644 1210 3721">
     <span class='ocr_line' id='line_1_40' title="bbox 1199 3644 1210 3721; baseline 0 0"><span class='ocrx_word' id='word_1_282' title='bbox 1199 3644 1210 3721; x_wconf 78' lang='lat' dir='ltr'>l</span> 
     </span>
    </p>
   </div>
   <div class='ocr_carea' id='block_1_10' title="bbox 0 0 1216 3856">
    <p class='ocr_par' dir='ltr' id='par_1_12' title="bbox 0 0 1216 3856">
     <span class='ocr_line' id='line_1_41' title="bbox 0 0 1216 3856; baseline 0 0"><span class='ocrx_word' id='word_1_283' title='bbox 0 0 1216 3856; x_wconf 95' lang='lat' dir='ltr'> </span> 
     </span>
    </p>
   </div>
  </div>
 </body>
</html>
