2422 3856
478 144 534 198 LA
552 143 718 198 SALADE
1068 141 1107 204 11

126 331 128 336 ·
183 289 365 356 Secundum
380 293 477 373 caput
491 293 607 353 tractat
626 288 801 354 secundum
821 288 951 352 seminis
965 307 1111 372 granum

92 388 179 474 quod
202 388 348 472 loquitur
370 389 409 452 de
429 387 627 452 suavissimis
646 392 679 451 et
699 385 892 451 dulcissimis
911 384 1006 449 bonis
1029 405 1111 469 quae

90 487 226 551 veniunt
258 508 297 550 ex
332 507 424 571 pace,
461 484 500 549 de
536 484 771 570 gloriosissima
803 482 859 546 illa
895 481 1111 568 prosperitate

75 585 180 668 'pacis
209 606 291 668 quae
320 587 369 648 est
397 587 429 649 et
457 583 675 668 proficiscitur
703 604 742 647 ex
769 603 895 646 summa
923 581 1028 666 gratia
1051 580 1110 645 dei.

91 681 195 759 Quam
213 704 285 746 cum
304 682 445 766 peccatis
464 681 585 746 nostris
604 679 848 764 displicentibus
868 679 1111 763 perdiderimus,

91 781 232 864 primum
255 802 314 845 nos
337 801 499 845 recurrere
522 779 675 843 debemus
698 777 848 842 adhunc
871 800 1034 842 summum
1057 777 1112 842 do-

90 878 217 942 minum
241 882 272 943 et
296 899 407 966 omnes
431 877 489 961 illi,
513 878 630 961 quibus
654 876 784 941 enobis
808 876 903 940 deum
926 872 1002 958 eam
1020 876 1111 940 resti·

92 980 182 1040 tuere
206 997 287 1060 opus
311 977 385 1058 erit,
413 997 495 1059 quae
523 997 542 1040 a
569 974 659 1039 nullo
688 974 894 1061 cognoscitur
920 975 1111 1058 priusquam

91 1073 217 1157 perdita
244 1077 306 1159 est,
337 1077 502 1158 tamquam
529 1072 652 1138 amicus
679 1073 783 1137 bonus
811 1094 876 1136 non
905 1071 1112 1157 cognoscitur

91 1172 154 1235 nisi
177 1193 251 1237 cum
274 1175 421 1236 mortuus
443 1170 496 1235 vel
518 1170 663 1254 perditus
691 1171 746 1252 sit,
775 1173 806 1234 et
835 1173 1000 1254 tamquam
1028 1170 1110 1234 sani·

91 1274 192 1334 tatem
214 1291 310 1334 nemo
334 1273 383 1333 est
406 1269 462 1353 qui
486 1272 661 1355 cognoscat
684 1269 747 1333 nisi
770 1272 933 1354 aegrotus:
962 1268 1017 1332 sed
1040 1271 1110 1331 tum

90 1368 200 1432 omnia
222 1365 275 1432 vel
297 1372 423 1452 partem
446 1389 570 1451 eorum,
598 1389 680 1451 quae
708 1367 865 1450 possidet,
897 1366 1030 1430 daturus
1059 1367 1111 1447 sit,

90 1469 127 1529 ut
152 1469 291 1530 sanetur.
327 1463 418 1531 Idem
437 1466 553 1530 accidit
576 1466 611 1530 in
633 1486 721 1550 pace,
745 1464 846 1530 donec
865 1463 1030 1548 deperdita
1049 1467 1111 1528 est:

89 1568 161 1628 tum
184 1564 304 1647 evenit,
331 1567 369 1628 ut
395 1563 651 1650 pervigilendum
680 1564 725 1627 sit
752 1562 820 1627 dies
849 1566 1024 1646 noctesque
1053 1584 1111 1646 per

90 1662 203 1726 urbem
236 1666 268 1726 et
300 1662 335 1726 in
370 1661 553 1747 moenibus,
592 1665 752 1725 mercatus
788 1660 859 1725 fieri
896 1682 962 1745 non
993 1664 1111 1744 potest,

88 1782 184 1824 nemo
222 1760 317 1825 domo
355 1761 442 1824 exire
479 1759 575 1823 audet
610 1759 674 1823 nisi
708 1780 827 1844 magno
860 1751 1018 1843 periculo,
1055 1759 1111 1822 sed

90 1879 203 1922 omnes
230 1858 264 1922 in
291 1859 430 1924 statione
458 1879 526 1923 esse
558 1879 688 1923 necesse
720 1861 769 1922 est
797 1858 831 1921 in
858 1856 978 1943 frigore
1005 1855 1111 1921 calore

90 1955 188 2020 imbri
211 1959 307 2020 vento
332 1961 364 2021 et
392 1978 487 2039 saepe
515 1976 632 2040 magna
659 1956 758 2039 fame,
787 1977 904 2040 magna
933 1954 987 2019 siti
1016 1954 1111 2019 valde

91 2052 239 2116 laborare
266 2057 298 2117 et
325 2054 477 2139 gravibus
504 2054 656 2137 miseriiS,
684 2052 736 2119 vel
764 2052 876 2132 etiam,
904 2053 991 2136 quod
1017 2054 1110 2137 peius

90 2154 154 2233 est,
184 2151 269 2214 mori
302 2151 373 2235 capi
406 2155 462 2216 aut
493 2175 552 2236 per
582 2155 686 2216 totam
713 2152 815 2215 vitam
847 2150 1001 2216 infamem
1033 2173 1109 2215 esse.

90 2246 229 2332 Propter
250 2247 340 2313 illam
363 2248 465 2336 igitur
483 2250 717 2315 sanctissimam
741 2250 989 2333 prosperitatem
1012 2250 1110 2333 pacis,

90 2345 178 2428 quod
197 2351 246 2411 est
264 2345 373 2412 lumen
387 2347 447 2432 dei,
465 2347 511 2411 mi
525 2348 653 2413 domine
667 2347 941 2431 reverendissime,
962 2346 1109 2432 supplico

90 2465 188 2527 quam
212 2443 427 2510 humilissime
456 2467 589 2530 possum
618 2445 768 2510 omnibus
795 2445 996 2529 principibus
1024 2445 1110 2508 aliis·

89 2564 153 2625 que
172 2543 261 2627 pacis
275 2543 496 2608 turbatoribus
510 2548 547 2607 ut
560 2564 672 2627 pacem
687 2543 942 2608 commendatam
960 2542 1111 2626 habeant,

89 2643 122 2703 et
146 2644 183 2704 ut
205 2662 264 2705 vos
288 2644 320 2705 et
344 2634 449 2706 omnis
473 2641 578 2706 bonus
599 2641 749 2726 princeps
769 2662 839 2705 eam
858 2641 1110 2725 consequamini,

89 2738 252 2822 siquidem
275 2760 332 2823 per
354 2761 413 2804 vos
437 2739 507 2804 iure
529 2739 712 2823 recuperari
734 2742 851 2823 potest,
874 2742 988 2824 utpote
1012 2761 1109 2823 quam

89 2857 202 2900 omnes
227 2836 305 2901 boni
327 2836 505 2922 plurimum
529 2837 669 2922 cupiant.

178 2932 234 3018 At,
257 2934 303 2998 mi
326 2935 455 3000 domine
478 2934 752 3019 reverendissime,
775 2934 861 2999 dicat
885 2935 967 3020 quis,
989 2956 1109 3020 magno

90 3053 190 3116 regno
213 3052 325 3116 pacem
353 3033 516 3118 requirere
540 3054 621 3118 opus
649 3055 715 3097 non
743 3054 813 3097 esse
841 3037 873 3097 et
901 3033 996 3097 deum
1024 3033 1110 3097 debi-

90 3128 232 3195 lissimos
256 3130 416 3215 adiuvare,
438 3130 636 3197 fortissimos
655 3135 763 3195 autem
783 3153 908 3215 semper
927 3130 1109 3215 superiores

91 3227 259 3293 discedere.
305 3227 392 3294 Huic
414 3228 629 3294 humilissime
652 3229 846 3313 respondeo,
868 3250 910 3293 ne
932 3250 990 3313 per
1013 3228 1108 3293 deum

88 3345 149 3389 vos
165 3347 244 3390 neve
263 3325 346 3392 alius
366 3327 539 3413 quisquam
559 3327 750 3392 existimetis
769 3348 849 3392 neve
867 3326 989 3411 putetis
1007 3326 1108 3390 ullam

89 3444 158 3486 rem
181 3423 259 3488 belii
282 3425 483 3510 temporibus
507 3429 612 3489 tutam
636 3446 718 3509 esse,
742 3425 889 3510 quamvis
912 3447 1031 3512 magna
1054 3446 1110 3509 po-

88 3524 224 3606 tensque
247 3522 298 3588 sit.
343 3522 430 3588 Nam
452 3523 657 3610 temporibus
680 3522 769 3588 aaut
789 3526 893 3585 tanao.
912 3521 1079 3581 essum
1097 3521 1138 3569 aa
