2422 3856
93 143 137 207 ’14
403 145 437 199 Π.
457 145 793 202 COMMENTATIONES

101 294 175 354 Cum
194 316 272 371 vcro,
296 297 398 373 quales
423 297 535 374 dialogi
558 317 702 375 personae
720 298 841 372 fuerint,
863 317 917 358 nos
940 299 1119 368 nesciamus,

99 404 148 444 eos
177 386 261 462 siglis
280 387 319 444 M
340 388 369 445 et
387 385 417 444 Α
437 389 550 463 notavi,
573 390 608 447 11
626 387 728 447 Cicero
751 389 783 446 in
802 388 1039 448 Tusculanarum
1058 387 1119 448 dis·

95 476 289 550 putationum
311 476 396 534 libris
419 470 595 535 consueuit.l

188 563 237 622 Sic
268 564 363 642 igitur
391 566 520 640 primam
550 565 622 624 libri
649 569 767 642 partem
797 567 995 643 compositam
1024 566 1117 623 fuisse

97 652 240 712 arbitror:
266 655 336 729 post
363 654 559 729 prooemium,
587 654 667 731 quod
690 656 779 731 quale
800 656 891 714 fuerit
918 673 1041 730 prorsus
1066 673 1117 712 ne-

98 742 217 818 scimus,
240 741 420 818 sequebatur
437 743 571 802 iustitiae
591 743 732 804 definitio.
778 744 864 817 Tum,
887 744 1015 803 fortasse
1033 745 1116 819 post·

98 849 188 907 quam
208 829 309 891 Cicero
329 831 454 906 addidit,
477 851 531 890 cur
550 833 694 907 iustitiae,
717 853 777 893 non
796 833 960 909 sapientiae
983 834 1118 908 primum

97 920 196 978 locum
219 921 412 994 attribuisset,
436 922 557 999 singula
579 926 739 999 praecepta
760 941 796 981 ex
818 922 873 981 illa
890 924 1004 980 virtute
1023 920 1118 981 dedu·

98 1008 248 1068 cebantur.
295 1008 426 1078 Quorum
449 1013 580 1069 maxima
602 1031 671 1087 pars
700 1011 782 1087 apud
804 1011 971 1070 Antonium
995 1014 1119 1070 servata

97 1116 161 1157 esse
184 1098 310 1158 videtur.
357 1099 398 1158 Et
421 1101 562 1175 quoniam
584 1119 602 1159 a
621 1100 764 1176 scriptore
783 1101 1009 1178 ffiancogallico
1028 1119 1116 1176 prae-

97 1189 184 1262 cipue
207 1189 351 1263 principis
374 1189 492 1249 iustitia
514 1192 643 1249 tractata
667 1193 724 1264 est,
751 1189 832 1248 haud
860 1191 920 1249 scio
949 1208 988 1247 an
1011 1192 1118 1248 secuta

97 1276 158 1335 sint
180 1295 277 1352 pauca
300 1280 409 1353 capita,
434 1278 540 1354 quibus
560 1283 753 1355 praeceptum
771 1282 844 1354 erat,
869 1277 1016 1355 quomodo
1036 1278 1117 1338 cives

96 1366 246 1425 iustitiam
277 1370 452 1426 exercerent.
500 1368 665 1427 Secundam
697 1372 797 1427 autem
829 1371 945 1443 partem
973 1367 1010 1425 de
1043 1387 1116 1442 pru·

97 1456 214 1528 dentia,
252 1475 328 1531 quae
357 1459 401 1516 cst
430 1456 598 1516 Stoicorum
631 1454 790 1537 φρόνησις,
825 1457 918 1516 fuisse
949 1457 1115 1515 uerisimile

97 1536 172 1603 111.2
215 1544 295 1603 Nam
319 1563 385 1603 oum
408 1546 480 1605 haec
499 1548 594 1605 virtus
613 1564 631 1603 a
649 1546 786 1622 plurimis
807 1546 993 1621 philosophis
1016 1546 1115 1621 prima

96 1632 276 1706 haberetur,
290 1634 339 1693 hic
363 1638 463 1694 autem
487 1654 504 1692 a
529 1634 668 1694 Cicerone
691 1635 808 1694 iustitia
831 1637 863 1693 in
887 1637 1004 1694 actione
1028 1654 1114 1710 prae·

96 1722 236 1797 ferretur,
272 1723 357 1781 illam
389 1725 549 1783 secundum
581 1727 682 1783 tamen
713 1724 812 1784 locum
845 1723 1011 1784 obtinuisse
1043 1743 1113 1783 vero

95 1813 218 1887 propius
255 1815 307 1870 est.
358 1813 399 1871 111
434 1813 483 1872 hic
519 1814 604 1873 nobis
641 1815 835 1891 gravissimus
871 1814 957 1872 testis
995 1814 1113 1873 exsistit

96 1899 291 1978 Augustinus,
306 1903 358 1977 qui
371 1902 485 1977 profert
497 1902 673 1978 prudentiae
691 1902 892 1961 definitionem
911 1921 946 1960 ex
962 1901 1111 1962 Ciceronis

96 1989 132 2048 de
163 1989 325 2049 virtutibus
358 1991 570 2050 commentario
607 1991 803 2067 desumptam.
859 1990 940 2060 Quae
978 1989 1110 2050 definitio

96 2097 277 2153 quamquam
305 2083 335 2137 11
362 2080 397 2137 dc
420 2081 480 2138 inv.
499 2080 531 2138 11
551 2082 614 2139 160
637 2073 770 2158 legiturl,
802 2084 903 2139 famen
926 2082 956 2138 et
979 2080 1011 2137 in
1035 2079 1110 2138 libro

95 2167 131 2226 de
145 2167 307 2226 virtutibus
326 2171 493 2246 conscripto
507 2169 631 2228 infuisse
650 2188 763 2242 censeo,
782 2173 812 2228 et
831 2169 909 2244 quod
923 2168 1111 2246 Augustinus

95 2257 241 2332 expressis
264 2257 362 2317 verbis
384 2259 440 2317 hoc
464 2259 625 2333 contendit,
650 2261 680 2317 ct
702 2257 782 2335 quod
804 2277 864 2317 non
882 2257 1037 2334 intellego,
1061 2277 1111 2317 cur

97 2345 230 2405 Ciceroni
257 2345 361 2405 eadem
388 2347 559 2407 definitione
586 2347 632 2406 bis
658 2350 706 2406 uti
727 2367 787 2406 non
809 2348 934 2406 licuerit.
982 2345 1109 2405 Omnino

96 2438 195 2493 autem
209 2455 277 2494 eum
291 2436 323 2493 iu
336 2435 392 2495 hoc
400 2436 477 2495 libro
492 2437 625 2514 singulas
634 2437 760 2496 virbites
775 2435 941 2495 definivisse
955 2454 991 2493 ex
1005 2437 1109 2495 simili·

94 2524 149 2583 bus
164 2525 236 2584 locis
242 2523 442 2585 Ciceronianis
457 2543 510 2586 nos
520 2526 661 2585 conficere
675 2544 761 2601 posse
776 2528 836 2584 iam
850 2543 940 2599 supra
953 2527 1028 2599 172
1041 2524 1109 2583 dixi.

96 2613 193 2683 Quare
212 2616 303 2673 etiam
321 2615 353 2672 in
372 2615 495 2691 reliquis
514 2614 676 2674 virtutibus
694 2614 858 2673 tractandis
874 2615 911 2672 iis
931 2612 1109 2674 definitioni-

95 2703 159 2778 bus,
179 2722 253 2780 quas
270 2702 371 2762 Cicero
389 2705 421 2762 in
436 2704 554 2780 scriptis
569 2705 638 2778 suis,
652 2705 779 2762 maxime
795 2703 830 2760 de
848 2703 908 2761 inv.
922 2701 954 2761 H
971 2704 1035 2762 160
1046 2722 1108 2780 sqq.

94 2793 231 2868 protulit,
254 2795 399 2868 quatenus
424 2797 493 2853 sunt
516 2793 683 2852 Stoicorum
707 2792 861 2851 sententiis
885 2795 1109 2865 consentaneae,

94 2952 163 3013 111
180 2948 233 3014 (11,
248 2944 312 3069 usp
333 2950 419 3010 1111
435 2945 585 3014 (111111
605 2950 692 3013 suas
707 2948 760 3013 (11,
772 2943 841 3014 esp
859 2950 945 3012 1111
957 2945 1011 3013 (11,
1023 2949 1057 2998 aa
1069 2943 1109 3011 sp

95 3022 276 3083 1111111
306 3019 324 3085 1,

185 3020 210 3156 lb
229 3087 263 3140 V.
273 3105 297 3142 v.
308 3105 330 3142 c.
347 3087 427 3141 Tusc.
442 3087 537 3156 disp.I
552 3094 576 3140 9.
605 3087 734 3142 Ceterum
747 3087 852 3142 librum
861 3085 937 3141 dialo
978 3106 1007 3140 m
1022 3086 1109 3141 fuisse

94 3158 229 3213 affirmari
247 3158 323 3212 haud
346 3160 452 3227 potest,
477 3176 540 3213 cum
564 3159 748 3214 conformatio
771 3157 906 3214 orationis
930 3173 947 3211 a
985 3158 1108 3213 Antonio

93 3230 201 3285 usitata
219 3247 275 3284 non
294 3231 335 3285 ita
353 3229 503 3284 abhorreat
529 3230 564 3284 ab
590 3247 636 3295 ea,
662 3247 718 3297 qna
743 3246 827 3300 saepe
852 3230 943 3283 utitur
961 3227 1059 3284 Cicero
1079 3230 1109 3284 in

94 3301 166 3355 libro
191 3302 226 3355 de
250 3301 349 3356 officiis
373 3302 545 3370 conscripto,
569 3301 677 3356 scilicet
699 3303 732 3354 ut
755 3301 905 3370 aliquoties
924 3301 954 3354 in
974 3301 1109 3356 continua

94 3373 220 3427 oratione
243 3376 340 3427 111111
363 3373 504 3428 dicentem
527 3373 644 3427 inducat
667 3374 854 3441 nescioquem.
936 3376 963 3442 2)
982 3372 1016 3427 V.
1036 3388 1108 3442 quae

94 3445 170 3508 dicta
189 3445 246 3498 sint
265 3461 350 3514 supra
368 3452 495 3514 111111.
569 3447 595 3514 3)
614 3444 648 3498 V.
668 3460 740 3512 quae
759 3444 891 3514 legantur
912 3443 942 3496 in
966 3441 1108 3498 Ciceronis

88 3515 225 3570 editionis
242 3532 260 3568 a
278 3515 393 3571 Baitero
413 3519 442 3570 et
459 3516 583 3586 Kaysero
603 3515 745 3569 confectae
764 3516 816 3570 vol.
831 3515 869 3568 XI
887 3532 913 3583 p.
926 3520 967 3568 76.
