2422 3856
466 125 521 178 LA
540 125 706 180 SALADE
783 125 801 174 ,’
1051 125 1093 190 37

77 270 180 356 igitur
208 293 315 336 rerum
345 270 449 335 bonus
479 270 628 355 princeps
657 271 815 334 rationem
845 270 964 336 habere
995 270 1100 356 debet,

77 368 239 453 imprimis
263 371 291 434 si
314 368 343 434 ei
368 369 453 434 cives
475 368 649 453 prudentes
678 372 710 432 et
726 368 827 438 ,nullo
856 369 1016 434 maleficio
1046 370 1101 434 ob-

75 466 168 531 noxii
192 471 281 550 sunt,
311 489 385 531 uam
409 488 447 530 eo
470 467 566 531 modo
590 489 701 531 verum
730 489 763 531 se
790 467 969 552 principem
996 469 1099 532 nomi·

75 586 155 630 nare
177 567 299 649 poterit
316 569 348 629 et
372 585 519 629 securum
539 587 557 628 a
576 566 652 628 suis.
689 564 859 629 Praeterea
877 568 985 631 autem
1004 566 1099 630 bonis

75 662 278 748 principibus
310 663 350 726 ad
384 661 600 727 conciliandos
634 662 752 727 civium
785 663 910 751 animos
939 685 1019 747 opus
1050 668 1100 727 est

77 782 243 826 secernere
266 760 369 826 bonos
394 783 412 824 a
435 761 538 825 malis.
584 759 629 824 Et
656 763 726 824 tum
753 759 831 824 mali
859 761 938 825 fient
966 761 1101 837 boniet

76 858 166 930 boni¹
179 858 329 923 meliores
354 863 455 923 erunt.
494 857 587 935 Quod
606 854 672 922 illis
692 858 753 922 erit
771 858 919 928 cumulus
937 858 1099 923 honorum

77 957 197 1023 amoris
212 957 401 1021 securitatis,
438 953 545 1020 Aliter
561 957 765 1040 experientur
782 979 959 1040 numquam
979 957 1100 1020 animal

77 1054 174 1122 nimis
198 1058 351 1119 onustum
374 1052 496 1118 laetum
520 1054 604 1118 diem
628 1055 800 1139 peregisse.
1145 1136 1149 1144 ἱ

168 1152 213 1217 Et
234 1151 290 1218 hic
313 1152 409 1215 finem
434 1153 561 1236 capient
584 1156 658 1217 octo
681 1174 754 1217 mea
776 1174 876 1238 grana
899 1152 1044 1237 seminis,
1068 1157 1100 1217 et

77 1273 139 1337 ego
162 1271 277 1334 precor
299 1249 605 1316 excellentissimum
624 1253 656 1314 et
676 1273 836 1315 summum
860 1250 964 1334 deum,
987 1255 1024 1315 ut
1041 1273 1100 1315 vos

78 1353 112 1414 et
145 1370 256 1414 omnes
289 1347 370 1412 alios
401 1349 564 1432 principes
597 1351 629 1412 et
661 1348 822 1432 dominos,
849 1349 916 1432 ¹qui
954 1349 1100 1415 civitates

78 1447 277 1534 gubernatis,
300 1446 446 1528 adducat,
469 1448 506 1509 ut
530 1446 614 1510 iuste
638 1445 753 1512 colatis
778 1451 850 1511 octo
878 1439 938 1511 has
960 1447 1100 1511 virtutes

78 1567 178 1630 supra
209 1543 399 1628 descriptas,
433 1566 497 1627 quo
526 1566 545 1606 a
572 1543 697 1608 civibus
729 1544 845 1609 vestris
877 1544 969 1608 valde
1001 1544 1101 1608 amati

79 1665 149 1708 esse
178 1641 320 1726 possitis
366 1640 452 1718 Quas
484 1664 536 1707 res
569 1643 633 1707 iam
665 1642 776 1726 paucis
809 1642 916 1706 verbis
947 1646 1099 1727 repetam.

77 1741 188 1807 Prima
215 1742 315 1826 igitur
342 1762 393 1804 res
417 1744 479 1824 est,
506 1744 543 1804 ut
571 1741 708 1805 firmiter
736 1739 911 1806 exerceatis
939 1740 1100 1804 iustitiam

78 1839 299 1903 misericordia
321 1842 541 1922 temperatam.
589 1836 736 1903 Secunda
759 1842 817 1922 est,
840 1844 876 1901 ut
899 1842 969 1902 toto
993 1839 1099 1902 animo

78 1941 113 2001 et
136 1937 307 2023 diligenter
328 1957 440 2020 pacem
463 1937 601 2020 cupiatis
620 1942 653 2001 et
674 1941 712 2001 ut
735 1937 802 2001 eius
825 1936 932 2001 locum
951 1940 984 2000 et
1001 1935 1100 2000 facul-

78 2038 180 2100 tatem
211 2056 270 2118 pro
303 2037 411 2098 vestra
442 2040 535 2118 parte
568 2034 659 2100 detis
709 2034 819 2098 Tertia
851 2038 913 2118 est,
945 2037 982 2097 ut
1014 2034 1100 2100 cives

78 2135 204 2197 vestros
233 2153 407 2215 omnesque
434 2131 582 2196 homines
610 2132 721 2196 audire
749 2132 904 2215 debeatiS,
931 2131 971 2196 iis
999 2132 1100 2196 amice

79 2235 113 2296 et
140 2230 279 2317 benigne
306 2230 541 2314 respondeatis,
569 2228 659 2294 nullo
688 2231 791 2314 spatio
819 2230 1002 2294 intermisso
1031 2229 1101 2293 ubi-

79 2351 217 2414 cumque
239 2328 389 2413 poteritis
413 2349 450 2390 ea
469 2327 598 2410 quidem
618 2349 699 2411 quae
717 2328 801 2391 iuste
819 2326 994 2411 petiverint
1013 2328 1101 2391 omni

78 2427 175 2495 modo
203 2426 383 2511 praebeatis
411 2427 444 2488 et
472 2424 699 2506 exsequamini.
746 2422 868 2500 Quarta
894 2446 945 2488 res
973 2427 1036 2508 est,
1063 2428 1101 2488 ut

78 2525 300 2610 prospiciatis,
327 2526 364 2588 ut
391 2545 442 2587 res
465 2522 595 2587 venales
618 2525 690 2586 tuto
718 2543 777 2606 per
798 2543 934 2607 regnum
956 2526 1100 2588 vestrum

79 2628 112 2688 et
136 2623 387 2688 dominationem
411 2621 627 2686 traducantur.
675 2618 794 2696 Quinta
816 2623 879 2704 est,
902 2623 939 2684 ut
962 2622 1100 2686 caveatis

78 2726 112 2786 et
139 2721 232 2786 vobis
262 2720 463 2804 temperetis,
493 2741 535 2783 ne
567 2718 690 2782 tributa
722 2717 893 2804 vectigalia
924 2739 1005 2782 neve
1037 2718 1101 2782 alia

79 2820 242 2902 stipendia
264 2817 386 2902 populo
410 2815 594 2901 imponatis,
617 2815 681 2880 nisi
699 2838 817 2901 magna
835 2815 1027 2880 necessitate
1050 2838 1101 2882 co-

78 2917 157 3002 acti,
185 2939 281 3000 quam
305 2919 399 2980 antea
426 2916 465 2979 iis
493 2915 634 2979 indicare
662 2913 793 2978 debetis.
840 2912 937 2978 Sexta
963 2935 1016 2977 res
1044 2918 1102 2997 est,

78 3019 118 3080 ut
140 3015 350 3099 provideatis,
373 3016 410 3076 ut
434 3035 544 3079 omnes
568 3012 715 3079 civitates
738 3012 902 3076 abundent
926 3011 1014 3076 omni
1035 3013 1101 3076 fru-

78 3117 189 3179 mento
218 3116 251 3177 et
278 3111 350 3176 aliis
379 3111 475 3176 rebus
506 3110 685 3175 conditioni
714 3109 874 3174 humanae
902 3110 1101 3175 necessariis

80 3211 226 3296 Septima
254 3214 317 3295 est,
344 3213 381 3274 ut
408 3210 492 3273 iuste
522 3209 631 3273 sciatis
659 3208 824 3275 continere
853 3212 885 3272 et
913 3228 1101 3272 conservare
