2422 3856
93 135 136 200 58
271 144 273 149 ⁴
404 135 437 188 Π.
458 134 794 192 COMMENTATIONES

93 287 239 364 congruit
262 286 430 347 Stoicorum
458 279 585 347 dictum'
599 289 883 364 sapientemsolnm
910 308 1014 368 regere
1037 289 1114 350 scire

93 375 143 435 ΙΠ
162 378 224 435 611
251 394 314 452 sqq,
333 376 416 450 Arm,
438 378 518 436 inter
540 396 615 453 qnae
638 397 666 436 v.
686 396 709 438 c.
728 378 840 455 legitur
860 379 923 437 620
948 376 1042 455 μόνον
1061 378 1114 440 τὸν

90 462 190 541 σοφὸν
214 461 341 543 βασιλέα.

185 555 230 612 Ex
256 555 303 613 his
332 573 408 630 quae
436 553 532 613 adhuc
559 556 694 631 exposui,
721 554 753 613 in
780 556 918 632 plurimis
947 576 1044 632 neque
1068 558 1113 617 ita

93 645 197 719 parvis
220 642 291 702 libri
313 643 479 703 Antoniani
501 643 636 718 partibus
663 646 793 721 vestigia
815 645 968 704 doctrinae
993 644 1112 706 Stoicae

91 734 224 791 inveniri
256 732 450 809 intellegitur.
495 733 588 792 Vides
620 751 690 810 ergo
728 751 804 809 quae
836 733 1013 795 habeamus:
1049 735 1111 794 An·

89 823 195 880 tonius
233 823 422 896 scriptorem,
463 821 633 880 Romanum
666 823 822 898 videlicet,
868 825 939 899 quia
975 824 1112 883 Romana

90 929 210 986 semper
236 910 370 986 exempla
397 911 524 986 profert,
557 912 609 987 qui
637 910 754 972 Stoicos
781 913 974 988 sequebatur,
1003 914 1112 992 legisse

93 1000 219 1058 ridetur.
265 999 466 1059 Romanorum
491 1002 598 1074 autem,
622 1002 675 1076 qui
698 1000 830 1061 Stoicam
853 1002 1019 1061 doctrinam
1044 1022 1112 1063 con·

93 1088 230 1161 fitentur,
267 1087 425 1148 clarissimi
460 1092 530 1148 sunt
567 1088 669 1148 Cicero
706 1094 736 1148 et
773 1088 892 1151 Seneca.
938 1091 1041 1167 Atque
1078 1096 1112 1151 nt

95 1175 205 1237 Seneca
234 1176 270 1236 ab
294 1177 427 1236 Antonio
455 1179 602 1253 11111114,
618 1179 658 1237 28
676 1170 748 1260 (16,
769 1182 810 1239 10
831 1171 864 1260 S)
888 1179 1045 1257 laudatur,
1068 1184 1112 1242 ita

90 1286 147 1326 cur
173 1266 237 1325 fieri
265 1285 325 1326 non
353 1268 467 1342 potuit,
499 1270 533 1325 ut
563 1267 702 1327 Cicerone
724 1268 875 1328 Antonius
902 1273 1052 1346 1111111111,
1082 1274 1112 1330 11

93 1375 163 1414 oum
187 1356 285 1414 Tralles
307 1356 468 1431 persimilis
492 1357 532 1415 sit
554 1355 669 1415 nomini
692 1357 789 1416 Tulli
815 1356 964 1418 Ciceronis
988 1362 1020 1418 11
1044 1378 1112 1419 cum

94 1446 195 1504 omnia
218 1445 352 1520 exempla
376 1465 411 1504 ex
433 1444 559 1504 historia
581 1446 717 1505 Romana
739 1448 915 1523 deprompta
943 1452 1014 1508 anto
1041 1448 1111 1508 Cae-

91 1535 168 1593 saris
197 1536 226 1592 et
249 1535 372 1610 Pompei
399 1533 511 1593 ballum
537 1533 671 1593 fuerint?
716 1535 814 1605 Quare
837 1555 915 1595 nunc
938 1539 1109 1598 accuratius

92 1624 249 1698 quaesturi
275 1641 391 1698 sumus,
414 1623 543 1682 fueritne
566 1624 693 1682 forsitan
717 1623 819 1684 Cicero
842 1626 969 1684 Antonii
997 1630 1110 1687 auctor.

570 1867 633 1948 sa

183 2008 394 2075 Antonium
418 2007 602 2075 Cicerone
625 2015 781 2075 auctore
804 2033 912 2075 usum
937 2032 1020 2077 esse

454 2117 749 2182 demonstratur.

115 2257 158 2346 A)
184 2263 380 2324 Consentiunt
403 2264 528 2326 Antonii
551 2266 633 2324 dicta
656 2285 723 2325 cum
746 2267 901 2326 sententiis
925 2267 1084 2328 Tullianis.

182 2390 337 2465 Expeditis
360 2390 403 2449 eis
427 2408 503 2466 quae
527 2389 706 2450 absolvimus
730 2391 872 2466 sequitur,
895 2392 930 2449 ut
950 2410 1011 2466 eas,
1036 2411 1107 2471 quas

93 2478 242 2538 Antonius
270 2499 305 2537 ex
333 2479 420 2538 Tullo
455 2497 508 2538 suo
542 2480 627 2539 affert
659 2482 822 2539 sententias
853 2498 920 2538 oum
953 2484 1107 2541 sententiis

95 2567 244 2627 Ciceronis
267 2568 352 2628 nobis
376 2568 495 2628 traditis
519 2571 676 2629 convenire
695 2586 785 2646 quam
808 2569 945 2647 plurimis
965 2571 1106 2648 exemplis

92 2656 235 2716 adhibitis
255 2657 497 2731 demonstremus,
517 2659 596 2733 quod
614 2661 723 2717 mirum
741 2676 835 2733 paene
852 2659 885 2717 in
903 2659 1027 2718 modum
1045 2659 1107 2718 fieri

93 2764 179 2821 posse
193 2745 368 2806 videbimus.
390 2746 492 2823 Atque
506 2749 669 2806 sententias
678 2746 857 2806 Antonianis
872 2749 1001 2809 maxime
1016 2748 1105 2809 simil·

93 2834 179 2894 limas
194 2835 320 2913 legimus
334 2837 366 2893 in
381 2835 474 2894 Tullii
487 2835 571 2895 libris
586 2836 621 2895 da
636 2836 741 2895 officiis
761 2839 791 2894 et
805 2837 840 2894 de
859 2836 1027 2912 republica
1041 2856 1105 2898 con·

91 2925 223 3000 scriptis.
260 2924 295 2982 ln
316 2923 422 3000 quibus
443 2924 613 2983 Ciceronem
635 2944 724 3000 saepe
747 2944 846 2984 secum
864 2927 1050 3001 reputavisse
1072 2926 1105 2984 de

92 3014 206 3088 optimo
220 3014 385 3090 principe
401 3016 431 3072 et
445 3013 481 3071 de
495 3033 529 3072 11
542 3014 673 3089 plurima
688 3016 839 3090 scripsisse
853 3015 902 3072 111
916 3034 952 3072 ex
966 3034 1000 3074 eo
1016 3034 1105 3094 appa·

93 3104 148 3175 ret,
167 3102 245 3179 quod
265 3104 362 3178 operis
377 3101 535 3179 quoderat
549 3103 584 3161 de
599 3123 630 3162 re
644 3103 764 3180 publica
778 3104 888 3163 librum
901 3106 1051 3181 quintum,
1070 3108 1105 3179 et,

92 3192 120 3250 si
138 3191 264 3250 editores
278 3193 369 3250 testes
383 3185 561 3267 sequimur1,
580 3195 741 3252 maximam
759 3195 875 3269 partem
892 3193 965 3253 libri
982 3196 1059 3255 sexti
1076 3194 1106 3252 in

99 3407 102 3416 ,
184 3363 209 3428 1)
223 3359 364 3430 Imprimis
374 3360 402 3415 C.
409 3360 651 3416 F.W.Mnelleri
664 3361 796 3416 editionis
806 3361 926 3415 1111112
940 3368 1105 3432 13601111

94 3436 229 3501 365sqq.;
254 3432 329 3500 apud
352 3432 496 3487 Baiterum
521 3436 549 3487 11
572 3434 727 3503 Kayserum
745 3433 873 3488 votvm
887 3437 953 3501 2303
978 3439 1039 3489 235.
1074 3434 1105 3487 ln

85 3503 274 3570 sequentibus
292 3503 423 3559 Muelleri
441 3504 561 3559 adhibeo
580 3505 741 3561 editionem.
