2422 3856
479 153 709 208 FRAGMENTA
1058 153 1102 219 85

315 307 360 364 M.
396 306 441 364 Re
466 325 537 365 vera
563 307 712 382 principes
740 308 771 365 et
798 306 951 365 civitatem
978 304 1103 364 admini-

249 399 377 455 strantes
395 397 542 471 imperare
564 398 690 471 possunt
708 398 739 453 et
755 395 793 453 iis
816 393 1031 454 oboediendum
1050 399 1103 469 est,

249 484 298 544 sed
323 487 356 542 in
377 483 464 543 rebus
487 488 606 543 tantum
628 485 740 543 rationi
768 483 881 543 soilioet
903 484 1104 544 convenienti·

248 572 311 632 bus.
358 573 437 632 Nam
467 575 619 649 quoniam·
642 573 770 650 populus
799 573 864 649 ipse
893 575 1105 652 magistratum

249 667 304 722 aut
324 663 490 738 prinoipem
513 661 617 740 elegit,
644 681 730 721 nemo
753 662 882 738 populos
904 681 1004 722 oreare
1026 662 1105 722 arbi·

248 751 379 811 trabitur
395 751 476 810 ultro
494 753 668 828 prinoipem,
691 751 744 827 qui
762 771 793 811 se
811 753 982 812 contraius
1000 754 1105 831 gravet

249 845 280 900 et
302 843 466 918 opprimat,
488 840 547 900 nisi
569 844 716 916 tyrannus
739 859 788 901 eos
811 842 844 900 vi
865 841 1000 902 subieoit.
1047 839 1106 900 Sed

248 931 298 989 hio
328 930 418 989 finem
453 929 653 1005 respondendi
685 930 809 1005 faciam,
844 949 940 1006 neque
977 930 1105 1006 amplius

250 1019 416 1095 quidquam
435 1019 543 1078 addere
566 1037 640 1095 opus
663 1021 710 1078 est
730 1018 790 1079 nisi
811 1019 868 1078 hoo
889 1039 993 1095 unum,
1015 1022 1051 1078 ut
1072 1020 1106 1093 ii,

249 1111 303 1184 qui
332 1108 498 1186 gubernant
525 1109 675 1181 civitates,
707 1126 809 1168 omnes
836 1107 970 1168 homines
997 1109 1105 1168 fratres

250 1216 313 1258 esse
332 1201 364 1256 et
382 1199 468 1273 quasi
486 1199 574 1256 unius
592 1196 791 1274 reipublicae
810 1199 889 1257 oives
903 1216 1019 1274 semper
1037 1215 1105 1256 oon-

250 1286 387 1346 siderent.
416 1287 456 1345 Et
474 1289 611 1362 priuoeps
629 1286 724 1346 multo
738 1287 823 1363 peior
839 1291 885 1345 est
903 1305 994 1363 quam
1008 1285 1107 1362 quivis

140 1424 143 1427 .
250 1395 286 1435 ex
299 1376 410 1452 populo
424 1377 451 1435 si
464 1375 608 1452 pietatem
625 1394 686 1435 non
704 1375 785 1449 colit,
799 1393 833 1434 eo
848 1376 949 1434 autem
963 1377 1106 1451 principe,

250 1465 302 1540 qui
326 1465 412 1524 illam
435 1464 515 1540 colit,
538 1483 624 1524 nemo
647 1465 828 1524 meliorest

316 1553 354 1612 A.
392 1553 451 1613 Sed
476 1553 500 1613 ii
528 1553 579 1631 qui
601 1572 664 1613 rem
686 1553 838 1630 publicam
855 1557 987 1628 tuentur,
1009 1571 1106 1612 nonne

251 1645 313 1702 alia
334 1645 385 1702 via
408 1647 438 1702 et
459 1645 576 1702 ratione
605 1643 723 1719 assequi
749 1645 888 1719 possunt,
914 1645 951 1701 ut
976 1642 1106 1719 populus

251 1734 324 1808 ipsis
356 1731 488 1792 subsidia
519 1731 625 1809 paret?
674 1732 754 1791 Nam
783 1734 809 1792 si
840 1751 876 1791 ex
907 1732 968 1792 suis
1000 1733 1107 1806 ouique

210 1845 214 1854 ·
250 1821 336 1881 bonis
369 1821 546 1881 eonferenda
578 1824 624 1882 est
655 1823 794 1898 pecunia,
826 1821 859 1880 id
886 1840 987 1881 omnes
1020 1838 1108 1899 aegre

251 1912 358 1970 ferunt.
406 1911 593 1986 Quamquam
613 1930 681 1969 eum
699 1912 751 1986 qui
773 1929 836 1969 rem
854 1908 1006 1986 publicam
1027 1910 1108 1987 regit

251 2020 285 2058 eo
309 2018 397 2076 saepe
425 2001 584 2077 confugere
610 2017 729 2059 neeesse
756 2003 815 2072 est,
846 2017 918 2058 oum.
941 2017 1001 2058 non
1033 1997 1108 2058 satis

250 2107 361 2166 magna
378 2089 504 2164 pecunia
522 2107 558 2147 ex
576 2088 664 2148 statis
681 2088 825 2147 reditibus
845 2088 873 2147 ei
891 2090 932 2147 sit
949 2087 988 2146 ad
1006 2103 1107 2147 omnes

251 2180 387 2254 sumptus
410 2177 562 2237 faciendos
584 2177 633 2237 rel
655 2176 695 2237 ad
721 2176 802 2236 bella
824 2176 953 2256 gerenda
974 2177 1024 2236 vel
1046 2175 1108 2237 alia

252 2266 398 2342 quaedam
420 2268 587 2326 necessaria
608 2268 730 2344 negotia
753 2265 946 2342 exsequenda.

318 2356 363 2413 M.
399 2355 537 2415 Indicant
558 2356 604 2414 illi
627 2356 721 2414 amice
747 2355 867 2432 populis
888 2375 952 2414 rem
975 2371 1108 2415 neeessa-

251 2447 341 2520 riam,
368 2449 399 2504 et
424 2445 496 2504 lioet
522 2444 558 2503 de
587 2463 641 2504 sua
662 2447 789 2521 pecunia
811 2462 862 2505 eos
889 2463 949 2503 non
976 2442 1109 2504 adiuturi

252 2535 320 2608 sint,
339 2537 473 2594 attamen
486 2533 627 2612 vectigali
644 2535 785 2610 imposito
801 2533 938 2593 omnibus
956 2532 993 2592 iis
1010 2531 1109 2607 rebus,

253 2643 329 2698 quae
356 2624 530 2700 negotiandi
557 2641 648 2682 eausa
673 2624 875 2698 importantur
898 2627 929 2681 et
952 2623 1107 2697 exportan-

251 2716 311 2785 tur,
329 2712 515 2772 adiuvabunt
533 2731 592 2787 eos,
611 2714 642 2771 et
659 2716 694 2770 ut
712 2716 782 2771 sunt
799 2712 934 2771 homines
948 2710 1107 2787 prudentes

253 2806 283 2860 et
304 2801 420 2878 legibus
443 2803 488 2860 rei
515 2800 652 2878 publicae
674 2805 813 2877 parentes
835 2799 964 2860 libenter
985 2800 1042 2860 hoo
1063 2799 1108 2857 fa-

253 2891 345 2965 cient,
368 2890 526 2951 dummodo
549 2890 700 2968 prinoipes
721 2890 760 2950 iis
783 2891 906 2949 faveant
932 2891 963 2947 et
989 2888 1051 2948 vim
1078 2890 1109 2947 et

90 3060 97 3071 .
252 2979 377 3038 iniurias
400 2979 438 3045 ab
461 2979 498 3039 iis
521 2978 690 3039 defendant

164 3096 267 3150 Anten.
282 3101 325 3162 aa,
338 3095 714 3166 7-24‚11(2a‚4-aas).
743 3095 822 3161 Quae
837 3094 1107 3161 utendorum-1⁷

91 3171 146 3236 (22,
157 3172 191 3220 33
202 3199 235 3206 -
246 3172 279 3220 37
291 3166 320 3236 S)
339 3171 501 3236 sequuntur,
520 3167 556 3221 ab
575 3167 698 3222 Antonio
717 3167 817 3221 addita
835 3169 914 3233 sunt,
932 3165 981 3235 qui
1000 3163 1109 3220 Oioero-

91 3239 136 3292 nis
155 3239 318 3306 sententias,
336 3241 369 3292 ut
387 3254 496 3308 semper
514 3238 572 3293 fare
590 3239 620 3293 in
639 3239 758 3309 singulis
777 3237 927 3308 amitibus,
946 3237 1004 3291 auis
1016 3236 1109 3291 verbis

92 3309 296 3379 complectitur.
335 3310 481 3366 Sententia
499 3313 595 3365 autem
613 3310 677 3378 illa,
700 3327 786 3379 quam
808 3308 955 3379 praemisi,
977 3311 1011 3362 ut
1032 3307 1108 3376 prin-

92 3397 167 3449 oepr,
182 3385 333 3450 antequam
347 3382 453 3451 populo
467 3381 605 3436 tributum
619 3382 756 3451 imponat,
773 3381 828 3435 hoo
842 3382 869 3436 ei
882 3379 997 3448 indioet,
1011 3397 1109 3434 sensus

93 3468 200 3507 conexu
217 3452 392 3521 postulatum
411 3453 486 3507 etin
506 3453 663 3522 supplendo
681 3452 752 3507 mihi
775 3455 841 3507 ante
864 3451 960 3507 oouloa
979 3452 1109 3507 obversa·

93 3524 178 3578 batur
196 3523 274 3579 loour
294 3524 329 3578 de
348 3524 395 3579 off.
409 3524 487 3578 11⁷4.
517 3523 647 3580 Ceterum
666 3539 842 3594 quamquam
851 3523 1127 3588 hoaffimmm

1182 3628 1197 3707 ι
