2422 3856
469 141 697 197 rasennam
1050 142 1091 208 37

186 327 187 330 ¹
239 294 329 354 affero
344 295 423 370 quod
438 287 474 365 Q.
488 293 625 353 Metellus
640 293 711 353 Pius
726 297 756 352 et
773 292 805 363 Q.
816 295 928 353 Fabius
937 293 1093 369 Maximus,

239 383 382 443 senatorii
391 383 504 443 ordinis
513 383 746 459 praeclarissimi
754 383 801 441 illi
815 384 881 458 viri,
892 383 944 458 qui
952 401 1094 461 magnam

122 541 126 550 Ι
239 472 450 532 auctoritatem
482 473 562 548 apud
593 473 739 548 populum
771 472 934 546 habebant,
970 476 1094 549 propter

238 562 371 638 inopiam
394 561 535 621 frurmenti
554 561 654 620 subito
673 565 740 620 tum
757 561 870 620 Romae
889 565 1023 621 exortam
1041 580 1093 637 po·

238 652 302 727 puli
335 669 435 710 amore
461 649 574 727 privati
602 650 781 727 dignitatem
808 669 894 710 suam
923 651 1093 709 amiserunt.

238 741 279 799 Et
310 743 387 812 tum,
424 757 492 798 cum
526 738 634 799 Caesar
666 742 934 816 appropinquaret,
965 738 1094 815 populus

238 829 413 905 Pompeium
427 831 550 905 propter
568 829 724 888 caritatem
739 847 873 888 annonae
887 828 1046 904 dereliquit
1065 832 1095 887 et

240 937 258 977 a
281 917 406 979 Caesare
430 922 509 976 stare
532 937 657 994 eumque
681 937 781 976 amare
804 921 835 977 et
860 917 964 977 iuvare
987 917 1094 993 coepit,

239 1008 323 1083 quod
337 1009 477 1066 continuo
496 1026 531 1066 ex
546 1005 710 1082 Campania
728 1010 759 1066 et
778 1006 916 1065 Sardinia
934 1007 1095 1066 maximam

240 1097 382 1156 frumenti
405 1098 522 1172 copiam
545 1096 763 1172 apportandam
786 1098 911 1155 curaret.

151 1213 252 1266 Anton.
278 1217 321 1278 24,
336 1217 498 1278 24-26,6
523 1213 699 1284 (soupueux);
727 1217 770 1278 26,
786 1218 818 1266 15
843 1215 904 1282 (que
922 1229 980 1281 pur
1002 1214 1095 1280 quola-

78 1286 321 1354 ceumaco—28,
338 1285 373 1349 23'
392 1289 439 1350 28,
454 1289 540 1337 9-17
560 1285 619 1353 (23,
639 1289 739 1351 6-19;
768 1289 816 1350 23,
836 1288 973 1351 art-24,
993 1287 1022 1349 33
1052 1289 1095 1348 24,

80 1361 168 1410 9-16
183 1355 224 1425 S);
248 1373 299 1424 quc
313 1372 371 1425 par
389 1356 598 1424 quotacoucqoeo
621 1355 768 1437 aptissime
786 1355 848 1409 voci
871 1371 1013 1425 scuposas
1031 1371 1095 1408 con·

79 1427 243 1498 iunguntur.
280 1426 374 1481 Verba
392 1442 464 1494 quac
483 1424 617 1495 leguntur
633 1427 700 1480 mdc
719 1444 736 1480 a
755 1431 825 1494 26,6
843 1441 933 1495 usqne
947 1426 984 1479 ad
1003 1430 1046 1491 26,
1062 1431 1096 1479 15

79 1502 133 1568 (23,
145 1504 248 1581 19726
260 1497 288 1568 S)
302 1515 352 1552 cur
361 1497 512 1566 omiserim,
527 1514 612 1622 supsrra
625 1515 652 1567 p.
664 1504 698 1580 14
706 1496 845 1581 'exposui'
865 1496 1101 1579 Deindepaucae

79 1571 237 1626 sententrae
256 1574 299 1637 28,
314 1574 383 1622 2-9
403 1570 461 1637 (24,
476 1574 545 1623 3-9
580 1574 589 1638 )
613 1571 734 1640 vestrgra
757 1569 901 1623 doctrinae
925 1568 1097 1623 chrrstranae

79 1641 230 1711 praebent:
254 1642 287 1695 dc
310 1641 374 1694 dieu
397 1642 519 1709 requerir
541 1641 644 1712 l'opde3
671 1642 817 1710 praeterea
839 1639 892 1694 illa
915 1640 999 1694 verba
1023 1655 1096 1692 com-

81 1712 257 1782 plectuntur,
280 1728 352 1780 quae
376 1711 556 1780 praecedunt.
592 1712 664 1765 Item
686 1727 759 1781 quae
781 1710 915 1781 leguntur
933 1715 1097 1776 28,12-20

78 1787 133 1855 (24,
154 1789 257 1837 16-19
275 1782 304 1854 S)
328 1782 529 1852 complexionis
553 1783 643 1836 instar
667 1785 739 1837 sunt.
764 1815 797 1823 -
821 1783 943 1837 Nomina
969 1781 1097 1835 Romana

79 1870 166 1926 supra
184 1873 211 1924 p.
226 1861 259 1908 49
271 1872 331 1924 sqq.
352 1852 561 1923 explicavimus.
598 1854 640 1908 De
660 1870 725 1908 cura
745 1856 840 1908 autem
858 1869 986 1907 annonae
1004 1868 1097 1921 pauca

78 1925 227 1982 attulimus
245 1944 272 1995 p.
289 1930 331 1980 62.
701 1950 703 1955 ·
1082 1933 1084 1941 ’

570 2114 609 2171 15

309 2255 483 2329 omnesqui·
506 2233 715 2316 odoututstrout
736 2254 937 2327 respublicas
960 2253 991 2310 td
1018 2267 1096 2324 epec-

241 2350 328 2414 touto,
351 2350 383 2403 ut
406 2348 513 2405 bouum
525 2345 678 2418 posituim
696 2349 723 2403 et
740 2344 903 2418 cect'polic,
925 2359 1000 2415 quae
1023 2357 1096 2400 com-

240 2435 323 2492 modo
338 2436 462 2493 uelutis
479 2437 556 2507 aaut,
577 2435 645 2492 teuc
662 2436 867 2492 consuccutur
885 2435 910 2490 ct
923 2434 1096 2504 cuperantur,

227 2527 325 2609 ¹atquc
347 2540 459 2596 semper
476 2523 664 2596 trupedtuuto,
685 2538 723 2580 oc
741 2524 806 2595 quta
824 2522 953 2594 peccunia
976 2519 1098 2598 alterius

235 2615 340 2758 Ponad.
364 2657 503 2759 llmnium
518 2699 727 2758 difficillimum
744 2698 776 2757 id
795 2717 858 2758 esse
872 2698 999 2780 ridetur,
1018 2697 1098 2772 quod

241 2808 342 2849 omnes
369 2792 479 2848 natura
505 2788 630 2848 honores
660 2790 797 2865 cupiunt,
829 2791 864 2846 ut
891 2787 948 2846 sibi
975 2787 1096 2845 divitias

239 2884 414 2955 comparent
433 2881 463 2937 et
480 2879 574 2954 pluris
594 2877 797 2936 aestimentur.
830 2876 961 2950 Accedit,
985 2878 1019 2933 ut
1038 2893 1097 2950 quo

241 2968 367 3043 quisque
388 2969 455 3044 plus
474 2966 572 3041 habet,
596 2985 630 3025 eo
649 2965 737 3043 plura
756 2969 883 3042 expetat.
921 2963 984 3034 Quo
1003 2967 1098 3042 igitur

240 3058 328 3116 modo
347 3057 490 3132 impedire
504 3058 604 3132 potest
618 3056 764 3133 princeps,
783 3075 820 3115 ne
835 3073 934 3114 omnes
953 3055 990 3113 iis
1009 3053 1096 3112 rebus

240 3146 409 3222 potiantur,
433 3164 505 3220 quas
529 3147 685 3222 tantopere
709 3140 941 3220 concupiscunt?
987 3139 1096 3202 Omnes

241 3236 319 3293 enim
348 3236 415 3294 aliis
443 3253 498 3293 sua
525 3237 638 3310 eripere
665 3237 729 3293 tam
752 3233 940 3292 vehementer
967 3231 1097 3305 student,

239 3327 276 3383 ut
298 3327 348 3382 vix
372 3326 421 3399 sit,
444 3326 496 3400 qui
519 3343 568 3383 eos
590 3325 736 3404 retineat,

308 3414 354 3473 M.
392 3411 525 3473 Concedo
549 3431 611 3472 esse
634 3412 782 3488 principes
810 3411 898 3485 taleS,
926 3410 1030 3487 quales
1060 3411 1096 3468 ab

240 3503 309 3561 aliis
333 3502 543 3580 gubernentup,
565 3505 600 3561 nt
619 3520 671 3561 eos·
688 3500 798 3579 pudere
817 3500 933 3578 deceat,
953 3518 1022 3558 cum
1039 3498 1101 3571 ipsi

534 3676 545 3706 ¹
1177 3656 1195 3759 1
