2422 3856
460 143 515 197 LA
533 143 702 199 SALADE
1052 143 1095 206 15

75 289 160 354 vitae
183 293 279 373 atque
297 269 418 373 ¹capitis
440 288 621 372 pericnlum
643 309 703 372 pro
727 309 765 351 eo
789 287 907 352 adituri
931 287 1004 352 sint.
1049 287 1097 352 Et

74 387 129 452 ille
152 388 301 472 princeps
326 387 382 470 qui
405 385 498 451 aliter
517 386 594 472 agit,
618 386 698 450 sciat
721 407 755 450 se
774 384 921 469 sibiipsi
941 386 1094 450 damnum

75 508 144 551 esse
166 485 342 567 facturum,
371 507 447 548 nam
471 484 598 568 saepius
621 483 751 569 accidit,
779 487 816 548 ut
838 483 960 548 bellum
983 506 1096 570 pugna

74 588 130 648 aut
153 583 217 648 alio
240 582 384 667 periculo
408 581 481 667 plns
505 581 692 646 detrimenti
714 581 826 646 afferat
846 581 976 646 domino
996 604 1096 666 quam

74 681 212 766 civibus,
238 703 312 744 nam
336 680 426 745 nulla
449 680 564 745 civitas
588 679 720 744 carebat
744 679 889 763 domino,
913 680 969 744 sed
993 679 1096 745 domi-

74 802 134 843 nus
168 801 262 863 saepe
294 779 398 843 caruit
431 777 658 843 dominatione.
709 776 754 841 Et
789 777 843 842 hic
875 777 972 841 finem
1005 778 1098 863 capit

75 876 250 942 secundnm
273 898 382 941 meum
405 876 537 940 seminis
561 897 707 961 granum.

163 1072 309 1138 Tertium
342 1077 438 1156 ceput
467 1075 586 1136 tractat
617 1071 751 1135 tertium
784 1093 920 1156 granum
951 1071 1099 1157 seminis?

73 1171 160 1255 quod
183 1171 313 1236 disserit
335 1172 374 1235 de
397 1170 536 1255 benigne
560 1168 718 1233 audiendo
746 1190 857 1234 omnes
883 1170 1031 1236 homines
1060 1175 1100 1235 et·

73 1291 145 1333 cum
170 1269 330 1334 suavitate
353 1269 400 1333 eis
423 1267 655 1351 respondendo,

161 1367 210 1431 De
233 1366 294 1432 hac
318 1365 521 1431 sanctissima
550 1364 736 1430 dulcissima
763 1366 995 1431 amabilissima
1018 1388 1098 1431 oon*

72 1466 194 1530 ditione
217 1464 362 1549 loquitur
385 1462 520 1528 'lullus
545 1468 576 1528 et
600 1463 679 1527 dicit
701 1462 785 1528 hano
812 1486 886 1529 vere
915 1486 985 1528 eam
1014 1486 1093 1549 esse,

72 1584 154 1647 quae
178 1561 354 1647 plurimum
379 1563 523 1626 conferat
552 1561 592 1626 ad
616 1583 727 1625 omnes
751 1583 833 1646 quae
859 1562 991 1627 omnino
1015 1567 1099 1627 sunt-

71 1661 217 1744 virtutes‚
239 1683 315 1724 nam
338 1660 461 1725 nullam
485 1681 555 1724 esse
573 1680 669 1744 posse
687 1658 850 1743 virtutem,
873 1660 936 1724 nisi
956 1661 997 1724 ad
1020 1643 1091 1725 eam

73 1759 241 1824 adiunctae
261 1759 326 1823 sint
344 1758 558 1823 mansuetudo
578 1761 610 1821 et
633 1756 815 1822 affabilitas.
857 1758 996 1843 Propter
1019 1780 1090 1823 eam

71 1856 174 1942 igitur
197 1879 308 1922 omnes
331 1860 481 1920 amantur
510 1859 541 1920 et
567 1854 755 1940 laudantur,
783 1861 815 1921 et
841 1857 981 1921 maxime
1003 1857 1091 1941 prin·

71 1976 159 2040 ceps,
189 1955 246 2039 qui
276 1958 325 2018 est
355 1953 521 2038 speculum
551 1957 583 2017 et
612 1953 775 2038 exemplar
795 1946 961 2040 ¹omnium3
993 1965 1089 2039 quein

71 2056 200 2136 oportet
233 2052 397 2130 omnibuS,
434 2051 490 2135 qui
526 2051 688 2136 supplices
721 2074 793 2116 eum
827 2053 959 2137 adeunt,
995 2075 1090 2118 aures

71 2149 224 2232 praebere
261 2153 294 2214 et
331 2171 385 2213 eos
421 2149 561 2234 benigne
598 2153 631 2214 et
668 2151 803 2215 comiter
839 2150 1020 2215 auscultare
1057 2155 1098 2215 et-

71 2246 195 2330 audire‚
227 2268 309 2331 quae
340 2245 443 2311 velint
475 2247 580 2312 dicere
611 2246 662 2311 vel
692 2246 882 2332 supplicare.
928 2248 1012 2312 Tum
1042 2271 1094 2313 re-

71 2344 227 2429 spondere
259 2344 299 2409 iis
332 2344 427 2409 debet
459 2346 576 2428 amice,
613 2349 646 2410 et
678 2347 746 2410 sine
778 2367 870 2410 mora
902 2350 959 2411 aut
991 2369 1088 2430 quem

70 2442 234 2507 celerrime
265 2446 375 2526 potest
403 2443 554 2527 precibus
584 2464 695 2508 eorum
726 2444 810 2510 iuste
839 2444 935 2510 factis
966 2444 1096 2509 obtemm

68 2562 181 2624 perure
204 2546 237 2604 et
259 2541 392 2625 exsequi
411 2563 493 2624 quae
516 2542 692 2628 petierunt3
716 2542 790 2606 inde
808 2543 895 2607 enim
913 2564 970 2626 per
988 2543 1089 2629 Pega-

69 2661 154 2722 sum,
182 2659 300 2722 equum
329 2639 488 2724 optimum
515 2638 652 2722 alatum,
680 2641 892 2705 mansuetudo
920 2662 1033 2705 eorum
1056 2645 1097 2705 et

67 2738 154 2801 bona
181 2737 268 2800 fama
294 2736 493 2821 portabitur,
520 2737 610 2802 velut
636 2737 692 2802 ille
720 2738 799 2802 olim
825 2737 998 2802 Persarum
1024 2739 1087 2803 vir-

67 2838 154 2899 tutes
179 2838 211 2898 et
233 2833 382 2899 Hectoris
406 2835 563 2921 portavit,
590 2857 737 2901 necnon
762 2835 907 2901 Caesaris
935 2835 1094 2902 aliorum·-

68 2954 130 3015 que
157 2954 257 2996 manu
284 2932 419 2997 fortium
447 2937 479 2998 et
509 2955 583 2998 oum
610 2934 730 2999 virtute
757 2934 944 2999 viventium.
990 2934 1086 2998 Etsi

70 3033 142 3112 quis
166 3031 264 3095 dicat:
289 3029 413 3115 ‘Certe‚
437 3031 535 3107 etiam
554 3053 613 3118 ego
637 3036 718 3116 puto
742 3033 922 3117 principem
946 3033 1086 3118 benigne

61 3122 225 3193 'audiendo
249 3132 282 3192 et
303 3129 526 3213 respondendo
554 3152 698 3195 amorem
725 3130 789 3195 sibi
816 3131 1000 3215 conciliare,
1030 3131 1095 3196 sed.

68 3225 96 3288 si
124 3225 196 3308 quis
223 3226 355 3292 insanus
384 3230 416 3290 et
445 3227 635 3292 temerarius
668 3232 724 3292 aut
756 3229 865 3294 fatuus
893 3251 911 3291 a
938 3228 1086 3312 principe

67 3326 158 3408 petat
187 3325 271 3406 quod
300 3328 409 3408 petere
436 3346 502 3389 non
529 3327 625 3390 liceat
652 3329 708 3390 aut
732 3348 796 3410 quo
824 3348 890 3391 non
912 3327 1009 3392 liceat
1031 3349 1085 3411 pe-

66 3421 156 3486 tendi
179 3421 284 3504 modo,
308 3445 380 3487 eum
404 3423 554 3508 princeps
576 3447 656 3488 num
679 3424 790 3489 audire
814 3424 948 3490 debet‘?'
992 3423 1094 3507 Sane.

67 3518 202 3583 Tullus
225 3518 303 3585 huic
325 3520 512 3609 respondet,
540 3543 615 3588 eum
638 3522 751 3587 audire
772 3522 892 3603 debet,
910 3543 1000 3584 nam
1020 3525 1117 3577 sunu.
