2422 3856
138 137 188 201 '80
452 137 549 192 LIBRI
568 138 615 191 DE
635 137 854 193 VIRTUTIBUS

304 288 380 348 nihil
404 288 487 347 aliud
510 288 568 348 sibi
591 288 715 367 exigere,
738 290 797 348 nisi
820 290 901 366 quod
922 290 1070 367 principis
1094 309 1163 350 con-

307 378 419 436 ditione
442 378 619 454 postulatur.
665 379 786 438 Iustitia
813 397 883 439 vero
912 378 1021 456 agendi
1049 397 1086 438 ea
1109 381 1162 454 est,

307 486 383 542 quae
405 469 536 543 pertinet
559 467 597 526 ad
616 486 716 527 omnes
739 469 889 544 principes
908 471 938 527 et
956 468 1161 546 magistratus,

306 556 358 632 qui
385 575 432 615 res
460 557 594 633 publicas
624 557 848 633 administrant,
879 560 915 616 nt
942 557 1103 618 cohibeant
1132 562 1161 616 et

306 647 478 705 contineant
504 647 536 704 in
563 664 616 705 suo
644 665 792 723 quemque
813 648 892 721 iure,
919 646 1055 706 afficiant
1078 666 1160 723 prae·

303 736 371 794 miis
400 737 430 793 et
457 734 605 794 beneficiis
632 735 725 795 honos
754 738 843 812 atque
870 737 1000 812 puniant
1023 738 1054 794 et
1082 754 1160 796 coer-

305 826 392 884 ceant
427 824 521 883 malos
558 843 612 900 pro
649 826 712 883 suis
754 844 901 900 quemque
936 825 1061 884 meritis.
1120 825 1160 883 Et

304 913 437 988 profecto
470 913 542 971 haec
578 915 674 972 virtus
706 932 741 972 ea
773 916 831 989 est,
867 932 943 990 quae
975 915 1100 972 tueatur
1131 916 1160 972 et

304 1004 401 1060 servet
423 1002 580 1077 principes,
609 1021 685 1077 quae
705 1005 817 1080 'augeat
839 1021 886 1062 res
908 1001 1054 1078 publicas,
1083 1021 1159 1079 quae

305 1089 467 1166 amplificet
489 1091 626 1150 civitates
650 1095 679 1150 et
703 1109 761 1166 eos,
784 1093 838 1168 qui
860 1111 913 1168 per
935 1090 1021 1150 illam
1044 1091 1104 1167 ipsi
1128 1110 1159 1151 se

303 1182 420 1258 regunt.
466 1179 545 1238 Nam
581 1181 645 1239 sine
680 1181 797 1239 iustitia
832 1180 881 1238 hic
916 1178 1045 1240 mundus
1084 1181 1159 1240 nihil

303 1271 380 1327 esset
402 1288 498 1344 neque
521 1269 656 1345 reliquae
677 1270 804 1328 virtutes
826 1271 925 1328 locum
947 1268 1102 1346 haberent,
1124 1273 1159 1329 ut

302 1357 378 1416 nihil
402 1357 485 1416 aliud
507 1358 592 1417 fieret
615 1357 672 1416 nisi
692 1358 796 1417 caedes
814 1358 951 1417 incendia
973 1359 1158 1434 proditiones

302 1446 429 1505 iniuriae
453 1447 513 1505 alia
535 1447 617 1506 mala
635 1447 730 1506 multo
751 1449 855 1522 peiora
874 1466 963 1523 quam
982 1467 1062 1507 nunc
1080 1451 1157 1522 sunt,

302 1536 379 1594 unde
402 1535 547 1595 mundum
569 1535 690 1594 interire
713 1554 831 1595 necesse
853 1539 938 1595 esset.

212 1669 315 1724 Ancon.
327 1675 481 1736 6‚24-29;
501 1672 880 1739 c‚3e-c,1a(1c,ec-ca;
900 1674 943 1738 rc,
953 1676 1070 1740 41-11,
1082 1671 1156 1741 118).

138 1739 316 1794 Sententiam
334 1740 422 1808 illam,
441 1759 498 1809 qua
514 1741 682 1810 postulatur,
701 1743 734 1795 ut
751 1757 833 1796 nemo
848 1740 931 1796 alteri
949 1741 1063 1813 inferat,
1082 1744 1158 1813 quod

138 1810 201 1880 ipsc
221 1812 276 1865 sihi
299 1812 397 1867 inferri
419 1812 504 1879 nolit,
528 1819 557 1880 6,
573 1817 606 1866 29
617 1830 677 1881 sqq.
697 1814 751 1881 (16,
767 1817 800 1866 39
810 1830 851 1881 sq.
867 1812 908 1883 S),
936 1813 1043 1868 idcirco
1068 1814 1157 1882 omisi,

140 1883 217 1952 quod
226 1882 284 1938 tale
294 1887 477 1953 praeceptum
491 1885 556 1938 ante
571 1883 754 1938 christianam
769 1886 890 1938 aetatem
903 1884 1046 1940 rarissime
1061 1884 1157 1952 datum

141 1955 217 2022 quod
231 1955 360 2023 exposuit
374 1956 416 2008 vir
429 1956 528 2009 doctus
542 1956 574 2008 A.
582 1954 648 2009 Otto
663 1956 693 2009 in
707 1954 780 2009 libro
795 1972 878 2024 quem
891 1956 1037 2026 inscripsit
1046 1959 1157 2028 &peteh-

139 2032 251 2081 wcerter
269 2027 316 2080 der
335 2027 449 2081 Rceczer
466 2044 492 2095 p.
510 2032 555 2093 163
575 2025 789 2081 ciceronianum
807 2027 896 2098 igitur
912 2028 959 2081 vix
978 2028 1023 2083 sit.
1062 2029 1157 2084 Etiam

140 2113 174 2150 ea
193 2097 334 2151 sententia
353 2102 378 2164 6,
393 2102 497 2150 31-33
517 2100 574 2167 (16,
588 2103 695 2152 40-42
706 2097 748 2168 S),
768 2116 824 2166 qna
843 2101 941 2153 auctor
959 2100 1157 2169 complectitur

141 2184 175 2221 ea
194 2184 265 2236 qnae
284 2169 464 2237 praecedunt,
483 2169 600 2223 Antonii
619 2185 679 2224 esse
693 2169 812 2224 videtur.
839 2168 902 2223 Duo
916 2186 1020 2241 genera
1034 2172 1157 2241 virtutis,

134 2256 206 2308 orgo
226 2241 311 2292 etiarn
330 2239 456 2293 iustitiae
475 2258 492 2293 a
505 2240 640 2294 Panaetio
660 2241 795 2294 distincta
814 2258 874 2296 esse
894 2258 977 2310 supra
995 2243 1157 2311 1166111111-

134 2327 210 2364 mus.
243 2310 371 2365 Iustitiae
390 2313 484 2365 autem
502 2312 615 2367 laudem
630 2312 808 2381 uberrimam,
828 2329 999 2382 quamquam
1015 2315 1156 2370 Antonius

140 2399 219 2434 suam
238 2398 298 2436 esse
317 2382 407 2452 fingit,
427 2399 489 2436 cnm
509 2387 534 2448 8,
549 2389 564 2436 5
580 2388 634 2452 (ll,
649 2383 704 2447 58)
723 2384 807 2438 dicit:
826 2384 857 2451 jc
875 2401 942 2439 ocus
960 2385 998 2454 dy
1016 2403 1080 2453 que,
1100 2385 1156 2442 elo·

139 2453 217 2523 gium
239 2452 410 2507 rhetoricum
433 2453 468 2507 ab
491 2453 554 2523 ipso
578 2455 710 2510 Cicerone
734 2454 892 2510 confectum
915 2471 975 2509 esse
999 2457 1071 2511 mihi
1093 2474 1156 2527 par·

140 2540 253 2577 suasum
267 2527 318 2590 est,
337 2541 398 2578 cum
415 2523 613 2580 Ciceronianus
627 2543 716 2581 sermo
731 2526 921 2595 amplissimus
936 2529 965 2581 et
981 2526 1059 2582 color
1073 2546 1156 2596 quem

134 2595 238 2649 dieunt
256 2595 361 2650 latinus
380 2596 466 2650 ctiam
484 2597 514 2650 in
533 2597 631 2668 lingua
650 2597 862 2668 Francogalliea
879 2614 969 2666 paene
988 2598 1099 2654 clamet.

639 2838 657 2896 8

366 2958 404 3017 A.
428 2959 487 3019 Sed
508 2981 560 3020 cur
581 2966 616 3021 tu
638 2965 827 3022 clementiam
850 2964 987 3042 adiungis
1010 2966 1155 3039 iustitiae,

300 3067 368 3106 cum
390 3050 508 3109 institia
530 3071 583 3126 per
610 3071 640 3110 se
664 3055 727 3109 tam
749 3052 901 3112 horribilis
925 3056 955 3111 et
978 3072 1082 3113 severa
1106 3056 1154 3128 sit,

299 3140 334 3195 ut
360 3158 447 3196 nemo
475 3142 577 3199 tantus
600 3141 652 3213 sit,
685 3160 774 3215 quem
801 3161 861 3201 non
889 3146 1003 3203 terrore
1032 3143 1154 3218 afficiat,

300 3227 326 3285 si
349 3245 417 3285 eum
438 3231 585 3306 tetigerit,
613 3231 769 3288 clementia
793 3234 892 3290 autem
914 3235 978 3289 tam
1001 3232 1100 3292 duleis
1124 3236 1154 3292 et

299 3316 430 3376 iucunda
462 3317 514 3391 sit,
551 3321 586 3375 ut
617 3318 769 3378 confirmet
802 3324 831 3378 et
868 3319 990 3379 adiuvet
1021 3322 1154 3397 timidos,

300 3426 390 3481 quare
424 3407 532 3465 mirum
570 3409 614 3466 est
650 3410 826 3486 coniungere
863 3409 1054 3468 severitatem
1086 3430 1154 3470 cum

298 3497 458 3571 suavitate,
481 3515 556 3572 quae
581 3497 655 3555 duae
678 3516 723 3556 res
747 3497 805 3556 sibi
828 3497 889 3557 sint
911 3497 1101 3558 contrariae?
