2422 3856
139 159 182 222 70
449 159 483 214 ll.
504 158 840 214 COMMENTATIONES

136 312 246 385 inquit,
270 312 342 384 1111
359 311 473 383 felicior
486 329 551 383 pac
572 313 612 369 sit
627 329 789 385 numquam
807 312 942 370 lacessita
960 328 1049 385 quum
1066 311 1159 368 111111

137 403 278 472 reparata
295 402 447 474 11111111.
475 399 584 475 Populi
603 419 719 475 quoque
740 418 810 477 erga
828 401 996 475 principem
1014 417 1157 468 amorem,

137 487 174 547 de
193 508 252 563 quo
271 488 419 549 Antonius
441 490 545 563 14,17
562 480 722 570 (11111)
743 489 893 563 disseruit,
912 488 1052 548 laudibus
1071 489 1159 547 effert

139 577 250 636 Seneca
277 576 313 635 de
342 579 424 639 clem.
446 577 529 654 119,
545 581 578 636 6:
613 579 711 638 Umum
739 583 780 637 est
806 579 1033 652 mmpmpmctilc
1055 575 1158 651 (prim-

139 665 226 740 m'pis)
249 669 461 725 munimentum
484 684 566 724 amer
590 669 703 726 ctutum.
749 667 833 726 Idem
856 668 1012 727 salutem
1035 665 1159 742 publi-

138 748 231 813 caml
263 755 386 831 reliquis
418 755 504 814 rebus
532 757 677 834 praefert,
707 775 775 814 cum
804 756 841 814 de
870 755 965 814 benef.
985 755 1045 814 VH
1066 757 1156 828 16,2

138 845 224 902 dicit:
247 845 289 902 Im
302 847 382 904 cmm'
396 847 561 918 quaestione
573 847 759 920 propositum
775 848 814 904 sit
830 846 913 904 mobis
932 847 1039 904 bmmm
1057 845 1159 917 publi-

138 951 211 992 cmm
244 932 358 1003 Quodsi
377 936 478 992 autem
495 935 547 993 ille
566 937 744 994 mercatores
761 933 829 992 urbi
846 934 986 1010 prodesse
1005 932 1042 992 de
1060 933 1159 993 benef.

138 1023 183 1082 IV
208 1024 262 1096 13,
288 1024 306 1082 8
340 1025 451 1097 111111,
492 1024 523 1080 id
557 1025 690 1083 conferre
724 1042 791 1082 cum
824 1023 906 1082 Tulli
939 1024 1091 1082 sententia
1123 1023 1160 1082 de

141 1114 340 1171 emolumento
378 1115 561 1171 mercaturae
596 1113 650 1188 18,
666 1114 706 1171 27
733 1104 807 1192 (21,
823 1108 892 1189 AS)
925 1112 1045 1188 prolata
1084 1130 1159 1188 opus

139 1220 199 1260 non
229 1204 282 1260 est.
332 1201 416 1259 Nihil
444 1220 515 1260 vero
545 1201 625 1278 apud
654 1191 815 1260 Senecam²
845 1204 994 1277 reperitur
1021 1202 1057 1259 de
1087 1219 1160 1260 cura

139 1309 282 1364 annonae,
306 1289 342 1349 de
364 1289 562 1366 vectigalibus
582 1293 612 1349 et
634 1291 765 1364 tributis,
793 1309 869 1366 quae
892 1309 952 1349 non
974 1289 1034 1348 nisi
1057 1308 1158 1350 neces-

139 1380 229 1438 sitate
262 1383 384 1457 cogente
417 1379 597 1455 imponenda
629 1398 692 1439 esse
725 1379 825 1438 allatis
858 1378 1000 1455 exemplis
1031 1378 1160 1438 Antonii

138 1468 244 1527 Tullus
277 1468 358 1527 dicit.
404 1467 500 1526 Immo
529 1486 596 1526 cum
623 1469 770 1544 plurimae
798 1487 901 1526 earum
931 1469 1158 1540 sententiarum,

139 1576 213 1633 quas
245 1557 396 1616 Antonius
428 1558 548 1616 nomine
580 1558 703 1617 laudato
737 1577 771 1616 ex
800 1558 887 1615 Tullo
920 1576 974 1616 suo
1006 1559 1158 1633 repetivit,

139 1664 205 1705 cum
240 1645 390 1706 Ciceronis
423 1647 512 1706 dictis
545 1649 723 1724 congruent,
761 1648 852 1704 etiam
883 1647 1014 1720 reliquas
1047 1649 1157 1721 partes,

140 1754 266 1810 quarum
289 1738 394 1794 auctor
416 1736 520 1794 Tullus
544 1736 697 1809 laudatur,
726 1754 744 1793 a
768 1733 908 1794 Cicerone
932 1737 1081 1813 originem
1104 1735 1157 1794 du-

139 1843 204 1883 cere
231 1824 315 1885 nobis
343 1823 485 1884 conficere
512 1825 595 1899 licat,
624 1826 743 1882 etiamsi
769 1844 829 1883 uon
856 1842 1037 1900 unaquaque
1066 1824 1103 1883 de
1126 1842 1156 1882 re

137 1914 194 1973 hoc
217 1913 420 1973 demonstrare
443 1931 608 1990 possumus.

229 2001 288 2062 Sed
318 2004 411 2061 etiam
442 2003 503 2061 alia
533 2022 568 2061 ex
598 2021 702 2075 causa,
738 2022 828 2078 quam
857 2005 918 2061 iam
948 2020 1040 2076 supra
1070 2021 1100 2078 p.
1117 1996 1156 2061 54

139 2093 246 2151 leviter
275 2092 445 2169 attigimus,
472 2091 604 2152 Antonio
628 2090 771 2150 Senecam
799 2097 950 2151 auctorem
978 2091 1071 2150 fuisse
1098 2109 1156 2150 111

140 2181 301 2240 verisimile
330 2183 382 2240 est.
428 2180 484 2239 1111
508 2182 588 2240 enim
613 2182 711 2239 multa
738 2181 860 2239 nomina
887 2180 1022 2240 virorum
1048 2179 1156 2239 Roma·

140 2289 246 2329 nerum
278 2289 354 2345 quae
387 2269 467 2345 apud
497 2270 618 2328 Tullum
649 2288 680 2328 se
709 2270 815 2348 legisse
849 2269 1001 2329 contendit
1033 2271 1155 2344 profert

141 2359 223 2429 Quae
247 2358 272 2418 si
294 2359 535 2435 perlustraveris,
564 2377 664 2418 omnes
692 2360 760 2418 illos
788 2361 882 2432 viros,
906 2359 959 2435 qui
981 2376 1156 2417 commemo·

139 2451 259 2521 rantur,
288 2451 357 2506 ante
382 2447 530 2508 Ciceronis
559 2452 688 2507 aetatem
715 2449 824 2507 vixisse
848 2449 901 2506 aut
924 2449 987 2506 eius
1016 2447 1155 2524 aequales

140 2537 232 2596 fuisse
255 2538 397 2610 invenies,
420 2555 507 2597 nemo
529 2539 598 2612 post
617 2536 788 2596 Ciceronem
812 2540 884 2595 erat.
930 2535 973 2594 At
996 2537 1023 2594 si
1046 2535 1157 2596 Seneca

141 2628 246 2685 auctor
269 2628 354 2700 esset,
376 2628 402 2685 is
426 2626 607 2702 exemplaria
625 2626 746 2686 virtutis
769 2644 829 2684 non
847 2625 892 2684 ita
910 2643 968 2699 eos,
992 2625 1043 2700 qui
1063 2625 1158 2684 libera

140 2734 171 2773 re
195 2715 316 2790 publica
338 2715 461 2776 florente
484 2717 630 2788 vixerunt,
658 2715 710 2775 sed
732 2716 833 2791 potius
856 2715 1006 2791 principes
1029 2715 1156 2791 imperii,

232 2887 257 2954 1)
280 2884 325 2937 Ad
349 2884 421 2938 hano
448 2885 566 2938 Antonii
594 2884 749 2939 sententiae
777 2885 807 2937 11
830 2884 991 2938 universum
1019 2885 1157 2953 spectant.

20 2944 27 2967 '
141 2956 275 3010 Attamen
295 2956 421 3010 conferas
439 2955 525 3009 verba
544 2972 616 3024 quae
635 2956 706 3010 fiunt
727 2961 768 3021 18,
779 2962 812 3009 m
833 2958 891 3025 (21,
906 2961 921 3008 t
934 2955 970 3025 S).
1045 2958 1073 3025 2)
1092 2955 1157 3010 Per·

141 3043 232 3095 pauca
251 3027 399 3081 sententiis
414 3027 489 3080 Tulli
508 3026 612 3080 similia
631 3044 801 3096 quamquam
820 3027 850 3080 in
865 3026 1020 3096 deperditis
1035 3025 1157 3082 Senecae

142 3098 254 3167 scriptis
272 3098 359 3153 fuisse
380 3098 513 3165 concedo,
539 3101 635 3152 tamen
658 3098 773 3154 difficile
797 3101 840 3154 est
862 3097 1024 3164 intellectu,
1047 3114 1105 3166 quo
1128 3097 1158 3150 in

141 3169 213 3223 libro
233 3169 353 3239 singula,
372 3185 445 3238 1111
464 3169 500 3223 ab
515 3170 637 3224 Antonio
652 3170 840 3238 proferuntur,
859 3172 919 3224 tam
934 3171 1066 3224 accurate
1086 3173 1157 3224 tam-

141 3241 872 3381 stultauutlttssttlttumm
897 3240 1158 3368 tumltu

142 3330 370 3450 Eamitdtmea
403 3386 432 3438 et
458 3383 624 3454 fragmentis
657 3355 753 3437 eordm
780 3331 910 3451 servatii),
937 3329 1011 3452 qudi
1039 3351 1159 3439 collectd

131 3455 330 3592 ‘matrim
359 3456 442 3509 docto
469 3455 560 3509 Haase
579 3454 618 3508 111
640 3472 667 3524 p.
683 3461 805 3524 411111.
831 3455 963 3511 editionis
992 3471 1075 3524 suae,
1103 3472 1158 3510 non
