2422 3856
96 128 146 193 42
347 144 348 148 ’
414 127 448 182 Π.
468 125 806 184 COMMENTATIONES

96 298 171 340 cum
193 279 276 337 illius
299 278 370 337 libri
392 280 551 338 sententiis
572 297 641 339 suas
664 279 859 339 immiscuisse
891 282 922 339 et
948 281 1121 340 adiunxisse

102 368 191 428 facile
219 371 384 447 cognoscet.
429 367 559 428 Proinde
587 368 781 429 secernendae
809 387 845 428 ac
871 369 1021 428 tollendae
1049 371 1121 428 sunt

97 460 204 534 ,partes
227 457 308 532 illae,
332 475 407 533 quas
432 457 470 515 ab
493 457 625 517 Antonio
647 458 713 533 ipso
736 460 917 534 compositas
941 476 1004 518 esse
1028 477 1121 534 appa·

102 546 193 621 rebit3
226 565 302 623 quae
324 546 532 622 relinquentur
559 549 662 606 utrum
688 547 783 606 veteri
810 547 858 613 illi
886 549 1001 607 auctori
1023 547 1120 607 vindi·

102 635 216 695 candae
248 638 319 695 sunt
350 655 455 709 neone,
491 645 597 711 postea
629 635 793 696 diiudicare
826 636 1008 696 conabimur.
1063 635 1122 695 Sed

102 727 204 784 omnia
227 745 303 801 quae
327 727 454 800 scriptor
476 725 721 803 Francogallicus
749 724 866 785 addidit
892 725 1003 801 ubique
1031 726 1121 785 facile

101 818 133 873 et
164 814 316 873 subtiliter
343 813 456 873 secerni
482 832 569 889 posse
597 831 669 873 eave
696 818 798 890 putes,
825 834 893 874 cum
920 813 1024 874 multis
1048 815 1121 874 locis

98 903 183 961 haud
201 903 360 962 diiudicari
382 903 478 979 possit
497 903 585 962 certis
605 905 800 980 argumentis,
824 905 921 963 utrius
940 903 1033 963 verba
1052 903 1120 962 sint.

98 992 206 1051 Etiam
228 995 260 1051 in
287 993 450 1052 sententias
479 1011 556 1067 quae
584 992 702 1068 antiqui
730 993 861 1053 auctoris
889 1011 953 1052 esse
980 991 1122 1052 videntur

96 1082 253 1141 Antonius
286 1082 405 1159 singnis
436 1081 528 1140 verba
559 1083 695 1140 inseruit.
749 1081 835 1141 Certe
873 1085 973 1141 autem
1010 1100 1046 1141 ea
1083 1081 1121 1140 ab

95 1170 234 1231 ,Antonio
253 1171 399 1247 originem
418 1171 539 1244 ducunt,
556 1169 665 1245 quibus
682 1169 787 1231 insunt
804 1171 934 1248 vestigia
952 1172 1121 1247 scripturae

95 1264 225 1319 ‚sanctae
249 1261 303 1317 aut
327 1258 478 1318 doctrinae
503 1259 692 1318 christianae.

193 1348 286 1423 Saepe
311 1350 341 1406 et
364 1366 480 1423 semper
501 1349 564 1407 fere
585 1349 673 1408 initio
697 1350 883 1426 singulorum
902 1348 1030 1409 Antonii
1053 1367 1121 1428 gra·

73 1464 74 1467 ¹
99 1457 210 1496 norum
229 1438 421 1513 appellantur
433 1439 554 1511 praeces
571 1440 720 1512 seipnears
739 1443 765 1496 et
782 1439 891 1497 domes.
928 1437 1010 1507 Quae
1029 1437 1122 1497 verba

100 1527 253 1587 Antonius
272 1526 396 1587 addidit.
427 1524 520 1585 initio
535 1529 635 1585 autem
653 1526 746 1587 totius
761 1528 861 1603 operis
879 1545 948 1605 pag.
965 1530 995 1600 2,
1013 1530 1119 1588 versi)

101 1609 170 1696 (15,
191 1618 209 1675 5
230 1608 284 1697 S)1
315 1616 441 1694 legimus
472 1617 504 1674 ie
535 1616 575 1674 les
607 1633 757 1690 compress
789 1634 809 1675 a
838 1616 927 1676 VIII
952 1618 1057 1690 mains
1086 1617 1122 1676 de

97 1722 236 1764 semestre.
273 1704 319 1762 Ea
341 1706 438 1783 igitur
462 1723 537 1780 quae
559 1704 628 1763 inde
651 1723 746 1781 usque
770 1706 808 1763 ad
832 1708 861 1781 2,
878 1708 918 1764 19
939 1696 1006 1785 (15,
1023 1706 1064 1765 14
1086 1699 1121 1780 S)

97 1794 139 1853 ¹de
172 1797 238 1852 octo
271 1794 372 1872 granis
405 1796 593 1868 exponuntur
619 1793 745 1853 Antonii
777 1812 840 1853 esse
872 1795 1033 1854 verisimile
1066 1798 1121 1854 est.

96 1881 211 1942 ⁴(tranis
235 1902 305 1943 vero
324 1886 358 1941 ut
377 1885 566 1958 compararet
583 1901 630 1941 res
653 1884 784 1958 principi
801 1883 991 1958 necessarias
1015 1886 1123 1942 auctor

95 1972 250 2032 ,adductus
274 1990 336 2032 esse
359 1972 479 2031 ridetur
501 1991 536 2030 ex
559 1971 625 2030 loco
648 1973 701 2030 illo
726 1973 890 2048 scripturae
914 1975 1044 2046 sanctae,
1066 1973 1121 2031 ubi

101 2062 138 2120 de
176 2081 269 2140 grano
306 2063 420 2136 sinapis
456 2061 540 2120 Iesus
576 2061 724 2136 loquitur,
761 2062 815 2120 Eu.
849 2062 956 2120 Matth.
988 2063 1044 2136 13,
1079 2063 1118 2121 31

101 2142 154 2232 (51.
176 2150 236 2209 ibd.
262 2151 313 2225 13,
338 2152 366 2208 3.
391 2151 410 2208 8
440 2152 470 2208 et
492 2149 654 2209 Proverbia
683 2148 791 2210 Selom.
818 2154 869 2224 11,
893 2151 933 2210 18
963 2153 1123 2210 seminanti

93 2231 268 2320 iustitiam).
315 2237 423 2298 Omnes
447 2238 541 2316 igitur
562 2238 672 2314 reliqui
694 2240 766 2314 loci,
793 2239 848 2298 nbi
876 2258 969 2318 grana
999 2240 1122 2300 seminis

93 2330 380 2403 commemorantur,
408 2348 435 2386 v.
460 2347 483 2386 c.
509 2329 538 2402 8,
558 2329 598 2386 33
619 2347 662 2404 sq.
687 2321 753 2409 (17,
774 2331 815 2387 29
837 2347 879 2404 sq.
904 2321 938 2410 S)
965 2330 1016 2403 14,
1037 2330 1054 2386 9
1077 2347 1122 2404 sq.

99 2410 169 2499 (19,
192 2419 233 2476 14
252 2436 296 2494 sq.
316 2408 350 2496 S)
375 2417 436 2491 alii,
459 2416 585 2476 Antonii
609 2418 686 2478 sunt.

191 2505 273 2575 Quae
305 2505 441 2580 sequitur
471 2524 541 2580 pars
573 2506 642 2565 inde
671 2525 689 2564 a
717 2509 746 2581 2,
762 2508 804 2566 20
835 2524 928 2582 usque
959 2505 997 2565 ad
1028 2509 1120 2580 4,13

95 2587 170 2676 (15,
195 2596 325 2655 15-30
351 2587 395 2674 S),
423 2613 490 2653 cum
516 2593 564 2654 hie
588 2595 694 2653 Tullus
719 2599 823 2654 auctor
844 2614 904 2654 non
926 2594 1068 2654 laudetur
1092 2600 1122 2654 et

93 2685 217 2762 ,gratiae
245 2683 302 2743 Dei
330 2676 429 2764 (proce
456 2685 490 2744 de
517 2685 585 2743 dieu
613 2685 642 2761 4,
660 2687 677 2743 7
687 2706 694 2759 3
725 2685 775 2758 15,
796 2686 836 2743 25
858 2675 893 2765 S)
920 2683 1033 2744 mentio
1058 2683 1122 2760 fiat,

102 2774 234 2833 Antonio
254 2772 355 2832 deberi
372 2773 500 2833 videtur.
537 2772 651 2832 Deinde
675 2766 866 2854 (4,14sqq.;
886 2774 936 2848 15,
952 2773 991 2832 31
1004 2791 1070 2850 sqq.
1086 2766 1121 2853 S)

100 2863 223 2921 Tullum
242 2865 395 2922 auctorem
414 2880 597 2938 quamquam
614 2863 742 2938 scriptor
757 2861 1003 2939 Francogallicus
1022 2863 1122 2939 sequi·

101 2955 160 3026 tur,
178 2955 280 3011 tamen
298 2970 385 3011 voces
404 2968 508 3011 amour
526 2952 561 3009 de
575 2952 643 3010 dien
662 2954 692 3024 4,
707 2953 747 3010 22
765 2943 831 3032 (16,
849 2952 867 3010 5
885 2942 918 3030 S)
939 2969 958 3008 a
976 2950 1122 3026 scriptore

101 3044 201 3100 vetere
229 3041 345 3099 alienae
373 3042 451 3099 sunt.
504 3039 583 3109 Quas
611 3039 648 3097 ab
676 3040 808 3099 Antonio
835 3039 1028 3116 interpositas
1057 3058 1121 3100 esse

101 3133 191 3207 puto,
219 3149 286 3188 cum
309 3133 387 3189 certe
412 3149 447 3188 ea
470 3148 547 3204 qnae
575 3129 758 3204 praecedunt
781 3130 812 3187 et
834 3129 960 3189 fortasse
984 3147 1020 3188 ea
1043 3149 1122 3206 quae

93 3223 268 3295 ¹sequuntur
295 3238 329 3277 er
352 3218 440 3277 Tullo
469 3222 606 3294 excerpta
634 3219 703 3278 sint.
748 3219 815 3292 Iam
836 3219 973 3277 venimus
999 3218 1039 3278 ad
1066 3219 1121 3278 illa

193 3383 218 3441 ll
233 3380 347 3433 Praeter
360 3395 490 3433 numeros
500 3378 633 3433 editionis
643 3395 722 3434 meae
736 3378 816 3433 uncis
830 3377 954 3433 inclusos
964 3377 1057 3432 adieci
1069 3396 1121 3432 nu·

100 3467 191 3506 meros
205 3450 296 3505 libelli
306 3468 322 3504 a
333 3449 540 3519 Socderhjelmo
556 3450 684 3516 conlecti,
701 3450 750 3519 qni
763 3449 838 3504 foras
849 3449 931 3504 datus
941 3449 1024 3503 estin
1034 3450 1121 3520 ephe-

64 3522 202 3597 srne'rr‘de
215 3538 292 3590 quae
309 3522 476 3577 inscribitur
492 3522 641 3595 Oefoersipt
658 3525 829 3593 (p.1osqq.).
842 3521 875 3576 V.
890 3520 1010 3592 praefat.
1029 3539 1058 3591 p.
1073 3521 1119 3577 IV.
